2884 4725
312 310 414 377 AEGY
623 346 635 385 ι
874 306 973 375 AEGY
1174 330 1213 395 ²7

99 425 173 489 sitan
205 445 267 489 non
304 432 396 485 erant
424 418 568 507 scpulcra
600 421 632 485 in
677 420 972 507 isacieejusdsa.
994 441 1042 505 ¹9·
1067 441 1094 481 1.
1119 418 1215 487 Stulti

99 510 231 599 rllgyto?
242 510 313 585 ideb
321 508 420 574 tulisti
434 532 508 585 uos,
521 520 555 572 ut
568 532 633 573 mo·
676 506 1215 599 principes'l'aueos,sapientescor.·

97 622 235 664 reremur
247 598 279 663 in
289 596 477 662 solitudine:
487 595 632 684 quidhoc
675 598 782 665 siliarii
795 597 965 663 Pharaonis
977 595 1215 663 dederunteon-

97 690 196 755 lacere
207 686 336 751 voluisti
346 736 354 761 ‚
364 699 399 750 ut
410 686 563 751 educeres
574 708 632 751 uos
674 687 780 755 silium
792 686 959 774 insipieus,
976 697 1037 749 etc.
1050 709 1083 749 o.
1107 709 1156 749 11.
1172 684 1213 747 Et

95 800 129 841 ex
145 774 304 863 ‘Egyptoi’
318 774 428 840 Exod.
452 777 500 853 14.
524 797 573 838 11.
676 776 737 857 erit
752 788 834 841 terra
855 773 938 839 Juda
957 773 1094 861 AEgypto
1109 774 1141 837 in
1157 797 1226 861 pa·-

136 864 405 950 Dixeruutque—
417 862 458 928 ad
470 886 544 927 eos:
563 862 632 927 Uti·
676 887 785 931 vorem
806 888 814 928 ε
832 862 935 927 omnis
950 863 1004 947 qui
1020 860 1103 927 illius
1121 862 1216 927 luerit

94 959 163 1017 nim
183 952 303 1017 mortui
327 974 466 1017 essemus
510 974 546 1016 or
567 975 632 1017 ma·
675 951 879 1027 recordatus,
892 949 1216 1039 parebitasaciecon·

94 1064 166 1107 num
184 1040 315 1107 Domini
335 1040 368 1104 in
382 1044 466 1105 terrai
483 975 630 1129 ldgypth
676 1040 737 1107 silii
755 1039 883 1105 Domini
899 1040 1113 1115 exercituum,
1129 1038 1214 1127 quod

94 1130 213 1216 quaudo
228 1128 422 1197 sedebamus
440 1151 535 1216 super
555 1127 632 1194 ollas
676 1130 743 1219 ipse
754 1128 903 1215 cogitarit
912 1150 1008 1214 super
1017 1151 1098 1193 eam.
1110 1152 1142 1193 o.
1162 1151 1213 1213 ¹7·

93 1220 254 1295 carnium,
272 1228 308 1283 et
320 1216 564 1283 comedebamus
579 1240 632 1320 pa·
722 1218 762 1281 Et
777 1218 855 1281 dixit
866 1216 1022 1281 Dominus
1036 1241 1043 1281 :
1057 1217 1139 1283 sicut
1151 1239 1215 1280 am-

93 1330 160 1371 nem
176 1308 208 1372 iu
224 1305 396 1373 saturitate
411 1328 487 1371 :cur
498 1305 632 1371 eduxisti
676 1305 797 1373 bularit
814 1328 922 1373 sersus
936 1328 1026 1369 meus
1043 1306 1138 1371 isaias
1154 1327 1216 1370 nu-

92 1418 144 1460 nos
154 1396 186 1460 i'n
203 1395 373 1461 desertum
384 1394 487 1469 istud,
505 1406 538 1458 ut
551 1394 632 1461 occi-
677 1396 753 1471 dus,
766 1406 798 1459 et
807 1393 1034 1470 discalceatus,
1048 1394 1146 1458 trium
1157 1416 1216 1457 an-

92 1484 200 1549 deretis
234 1506 370 1549 omnem
397 1481 631 1548 multitudinem
676 1506 792 1551 norum
815 1483 941 1574 signum
961 1482 1020 1547 erit
1036 1494 1068 1546 et
1084 1493 1215 1570 porten-

93 1572 189 1641 lame?
203 1572 304 1639 leid.
329 1572 377 1635 16.
397 1571 426 1637 5.
678 1586 745 1637 tum
757 1594 852 1659 super
867 1570 1058 1658 AEgyptum,
1075 1583 1107 1633 et
1122 1594 1216 1657 super

133 1660 235 1727 Sitivit
262 1666 341 1747 ergo
362 1660 404 1725 ibi
419 1660 552 1749 populus
567 1685 631 1750 prae
677 1660 872 1747 AEthiopiam
889 1684 907 1732 ς.
927 1658 972 1723 sic
999 1658 1132 1724 minabit
1162 1682 1216 1725 rex

96 1772 173 1835 aque
188 1749 347 1840 penuria,
371 1761 402 1813 et
423 1750 632 1815 murmuravit
677 1746 1139 1837 AssyriorumcaptivitatemAE
1162 1771 1217 1835 yp-

97 1844 196 1904 cantra
209 1838 346 1927 bloysen
361 1836 469 1904 dicens
483 1863 491 1903 :
506 1838 573 1903 Cur
588 1838 632 1904 le·
676 1840 699 1905 ti
710 1890 719 1914 ‚
732 1851 765 1903 ot
776 1836 1086 1925 transmigrationem
1094 1770 1216 1903 AEtlrio

96 1927 158 1991 cisti
177 1950 232 1993 nos
252 1927 341 1991 exire
357 1926 398 1991 de
416 1926 553 2015 AEgypto
571 1978 579 2003 ‚
597 1940 633 1992 ut
678 1929 748 2017 piae.
763 1926 852 1993 Ibid.
870 1950 920 1993 ao.
941 1926 971 1991 ὅ.

98 2012 249 2081 occideres
261 2039 321 2081 nos
333 2029 366 2080 et
377 2012 495 2081 liberos
508 2028 633 2081 nostros
718 2016 918 2103 Veniensque
933 2013 1216 2099 (Nabuchodono-

100 2102 482 2185 aciumenta,siti.1bid.
507 2128 555 2191 17·
576 2105 606 2169 5.
675 2127 729 2170 sor
769 2107 857 2193 rear)
899 2105 1054 2192 percutiet
1096 2114 1215 2169 terram

141 2188 350 2259 Recordemur
371 2193 529 2281 piscium,
554 2216 632 2280 quos
676 2192 830 2282 AEgypti:
853 2216 931 2281 quos
952 2193 986 2258 iu
1006 2205 1160 2266 mortem,
1182 2191 1216 2255 in
1313 2191 1317 2200 '

108 2278 334 2346 comedebamus
354 2282 388 2346 in
404 2280 543 2372 AEgypto
558 2304 631 2370 gro·
675 2294 811 2347 mortem
829 2304 839 2347 1
856 2293 888 2345 et
903 2303 983 2368 quos
998 2280 1030 2345 in
1046 2280 1215 2370 captivita-

111 2369 149 2426 tis
169 2388 177 2427 :
194 2366 224 2430 in
244 2383 377 2436 mentem
393 2370 485 2436 uobis
502 2371 632 2436 veniunt
674 2383 759 2446 tem,
775 2372 808 2436 iu
827 2370 1063 2458 captivitatem,
1087 2381 1149 2435 etc.
1176 2370 1216 2433 Et

109 2471 343 2532 cucumeres,et
377 2483 512 2547 epones‚
529 2461 629 2548 porri·
674 2459 848 2526 succendet
879 2459 984 2545 iguem
1010 2457 1043 2521 in
1074 2454 1216 2522 delubris

105 2553 204 2627 quest
212 2483 530 2630 crepe,etallia.llum.
541 2572 550 2612 1
562 2551 624 2616 1.5.
673 2549 815 2614 Deorum
836 2545 983 2635 AEgypti,
1000 2556 1033 2608 et
1047 2545 1216 2612 comburet

143 2629 358 2720 Dixeruntque
382 2632 455 2703 alter
483 2637 524 2702 ad
551 2636 631 2705 elte-
673 2661 731 2714 en,
748 2649 780 2701 et
794 2636 936 2724 captivos
953 2633 1048 2700 ducet
1067 2631 1139 2700 illos
1156 2657 1165 2700 τ
1182 2647 1216 2700 et

99 2740 167 2790 111111
188 2743 197 2786 t
216 2719 446 2792 Constituamus
460 2725 551 2792 nobis
567 2725 624 2792 du·
673 2725 841 2790 amicietur
868 2728 953 2789 terrai
973 2723 1013 2788 AE
1035 2723 1102 2811 ypti
1132 2724 1215 2790 sicut

100 2829 182 2884 com,
199 2821 230 2874 et
244 2823 441 2881 revertamur
455 2815 489 2880 iu
508 2813 621 2903 AEgyp-
673 2813 821 2880 amicitur
837 2825 945 2902 pastor
964 2746 1059 2900 pallio
1079 2835 1137 2877 suo
1156 2825 1214 2878 :et

101 2897 269 2966 tumldr'd.
293 2903 343 2982 14.
362 2904 394 2980 4.
673 2900 1209 2989 egredieturiudeinpace.dorent.

137 2987 173 3050 Et
186 2989 265 3053 versi
285 2989 319 3055 in
336 2989 525 3056 seditionem
541 2991 629 3056 dixe·
674 2991 729 3069 45.
754 3012 802 3055 11.

100 3086 165 3138 runt
179 3098 186 3138 τ
198 3077 323 3146 Utinam
335 3079 537 3168 periissemus
546 3079 628 3145 inter
715 3078 791 3145 llaec
801 3078 876 3144 dicit
882 3078 1035 3144 Dominus
1044 3101 1052 3142 ε
1062 3078 1145 3142 licei·-
1154 3101 1212 3165 ogo

101 3159 198 3228 iratres
208 3179 331 3244 nostros
344 3175 455 3233 coram
467 3168 603 3234 Domino
616 3193 624 3234 :
672 3167 795 3233 tradam
810 3167 1009 3234 Pharaonem
1021 3165 1147 3254 Ephree
1159 3191 1208 3230 re-

101 3248 157 3314 Cur
167 3253 311 3322 eduxistis
320 3255 626 3322 ecclesiamDomini
670 3279 743 3345 gem
759 3256 887 3345 AEgypti
903 3258 935 3322 in
951 3278 1048 3320 mauu
1064 3255 1211 3321 inimieo—
1315 3278 1326 3297 1

103 3335 128 3400 in
142 3339 359 3420 solitudinem,
382 3357 417 3408 ut
439 3359 471 3410 et
490 3368 571 3422 nos,
595 3357 627 3410 et
670 3369 742 3410 rum
757 3346 846 3433 ejus,
862 3356 894 3410 et
909 3345 941 3409 in
957 3366 1054 3408 manu
1065 3366 1211 3430 quaereu-

107 3439 192 3493 uostra
206 3432 353 3518 jumenta
364 3435 552 3511 moriamur,
562 3445 623 3500 etc.
670 3435 750 3499 tium
766 3435 905 3500 enimam
917 3431 1000 3498 illius
1014 3456 1022 3496 :
1036 3431 1128 3497 sicuti
1145 3444 1204 3497 tra-

107 3507 179 3580 lbid.
193 3542 238 3586 1ο.
258 3523 287 3589 ὅ.
311 3525 347 3601 4.
670 3522 736 3588 didi
757 3522 923 3590 Sedeciam
946 3544 1053 3610 regem
1074 3519 1158 3623 Juda
1178 3522 1210 3624 ln

104 3639 622 3744 refraenemu-
669 3607 1210 3766 eracliensem

144 3776 364 3879 OnusAEgypti.
379 3789 463 3856 Ecce
473 3787 625 3854 Dominus
672 3751 852 3876 ejuslbiii.
872 3723 925 3868 44.
946 3788 997 3853 50.

98 3869 626 3966 escendetsupernubemlevemet
713 3877 798 3944 Dixit
829 3877 984 3944 Dominus
1013 3873 1209 3938 exercituum

96 3957 273 4042 regredietur
284 3967 484 4056 AEgyptum‚
498 3979 529 4031 et
542 3989 626 4032 com·
669 3965 754 4032 Deus
770 3966 864 4032 lsradl
881 3991 888 4031 :
908 3967 990 4030 Ecce
1003 3985 1061 4050 ego
1077 3961 1212 4027 visitabo

94 4048 289 4124 solebamus
306 4053 480 4124 simulacra
498 4055 623 4146 “Egypti
669 4081 763 4146 super
771 4054 943 4126 tumultum
955 4049 1163 4122 Alexandria,
1176 4056 1210 4116 et
