2884 4725
261 330 320 405 toi
520 317 603 384 ΒΟΝ
1078 315 1169 383 ΒΟΝ

257 439 294 505 tis
332 442 449 521 quanto
486 424 640 497 miraculo
677 426 796 491 dividat
882 425 1229 492 Recementurourie
1240 420 1388 487 Deibene

256 523 408 592 Dominus
432 516 596 606 AEgyptios
623 525 654 581 et
684 512 792 580 lsrail.
839 514 945 602 ficia,
965 515 1147 598 multaque
1164 511 1253 576 bona
1266 512 1387 598 promit-

253 611 462 692 ltid.11.7.
527 684 531 691 ι
841 620 957 668 tenter
981 601 1207 669 servantibus
1231 602 1303 686 ejus
1318 621 1386 685 pre

298 700 340 767 Et
356 695 474 763 l'aciens
493 691 795 759 misericordiamiu
839 706 947 780 cepam
975 693 1075 757 mala
1111 706 1232 755 aetem
1258 710 1386 750 nonm-

253 784 351 852 millia
378 783 427 848 his
447 832 456 859 ,
481 782 535 870 qui
555 780 690 870 diligunt
709 805 761 846 me
784 832 793 856 ,
838 780 1011 853 vantibus,
1023 781 1090 845 boc
1106 776 1384 848 estbenedictio,ct

253 887 286 939 et
316 872 499 941 custodiunt
528 882 685 959 praecepta
710 872 791 935 m'aa.
838 867 1149 935 uwledietiodbid.
1172 890 1201 931 e.
1224 888 1273 929 ιι.

251 962 341 1035 lbid.
363 984 415 1026 ao.
430 961 461 1025 6.
882 958 994 1034 Facit,
1015 956 1230 1043 (Dmninus)
1245 951 1382 1041 judicium

297 1050 501 1137 Loquebatur
518 1060 625 1112 autem
641 1046 796 1113 Dominus
838 1044 959 1136 pupillo
971 1046 1123 1111 etviduae
1135 1096 1144 1121 ‚
1156 1054 1245 1108 amat
1258 1038 1382 1129 peregri-

253 1140 294 1209 ad
306 1139 358 1206 blo
381 1160 437 1203 sen
449 1136 529 1202 lacie
541 1136 582 1201 ad
598 1135 734 1212 faciem,
752 1136 795 1199 si·
838 1153 944 1211 num,
969 1149 1001 1200 et
1023 1135 1085 1199 dat
1108 1135 1140 1199 ei
1161 1132 1285 1197 victum
1305 1140 1382 1213 atqu

253 1239 309 1297 cut
330 1162 410 1291 solet
432 1224 519 1312 loqui
540 1224 637 1289 homo
657 1223 696 1289 ed
714 1224 795 1292 nmi-
840 1225 1010 1290 vestitum:
1037 1237 1074 1289 et
1107 1245 1168 1289 vos
1191 1225 1269 1307 ergo
1295 1227 1382 1279 amate

254 1339 328 1392 cum
340 1338 443 1379 suum.
455 1314 476 1380 I
479 1311 545 1378 bid.
566 1314 617 1379 bb.
643 1336 690 1379 ιι.
838 1313 1047 1401 peregrinos,
1067 1313 1149 1401 quia
1167 1321 1202 1375 et
1220 1307 1280 1395 ipsi
1298 1304 1382 1370 inistis

303 1404 377 1493 Qun
414 1414 599 1473 transeunte
637 1402 648 1487 (
674 1401 795 1467 seilicet
838 1402 968 1467 advenae
984 1402 1017 1467 in
1032 1406 1128 1466 terri
1145 1396 1289 1490 AEgypti.
1303 1390 1378 1459 Ibid

250 1491 388 1581 Moyse)
418 1513 526 1557 cosam
552 1513 591 1555 eo
610 1487 795 1575 loomim
844 1514 892 1555 ιο.
918 1492 967 1558 18.

252 1580 399 1669 seilicet)
417 1631 426 1656 ‚
444 1580 488 1645 uit
506 1576 795 1647 :DominatonDo-
881 1578 919 1644 Μ
922 1578 1061 1666 altiplem
1079 1576 1298 1665 promittitur
1325 1590 1379 1633 ser·

254 1669 340 1741 mine
367 1668 453 1734 Deus
479 1718 489 1743 ‚
523 1666 730 1737 misericors,
762 1676 795 1728 et
836 1665 995 1731 vantibus
1019 1667 1129 1755 legem
1147 1660 1379 1730 tereticam

251 1754 392 1823 clemens
406 1807 416 1833 ,
429 1768 490 1821 etc.
510 1754 599 1821 Ibid.
621 1754 673 1830 54.
693 1752 725 1817 6.
838 1753 1167 1845 transgredientibus
1194 1745 1373 1816 maledictio·

295 1844 386 1909 Tolle
412 1845 555 1929 virgam,
576 1852 609 1905 et
635 1861 793 1927 congrega
836 1841 926 1907 ibid.
942 1867 970 1907 e.
991 1845 1043 1906 28.

250 1929 406 2019 populum
428 1980 436 2005 ,
465 1940 501 1992 tu
525 1939 556 1991 et
574 1927 680 1993 Aaron
697 1928 795 1993 linter
884 1930 917 1991 V
916 1953 973 1994 era
982 1932 1191 2018 penitentia
1202 1921 1370 2008 ntempla-

251 2033 351 2084 tuus:
375 2029 408 2081 et
429 2015 596 2104 loquimini
617 2014 794 2105 adpetram
838 2032 907 2082 eat:
922 2034 1129 2106 praeeaptum
1145 2015 1244 2081 nobis
1255 2012 1371 2077 datum,

250 2128 360 2171 coram
376 2106 439 2179 eis,
456 2114 488 2167 et
503 2102 557 2168 illa
575 2102 663 2167 dabit
682 2126 790 2191 aquas.
838 2128 905 2169 non
917 2107 1010 2211 longe
1030 2112 1052 2169 ὰ
1068 2106 1170 2171 nobis
1189 2112 1351 2192 separatur
1361 2116 1370 2154 :

252 2194 398 2280 Cumque
429 2192 576 2257 eduxeris
607 2214 724 2256 auam
754 2192 794 2256 de
834 2210 1033 2282 proponitur
1041 2218 1052 2259 .·
1066 2195 1196 2259 bonum
1208 2206 1239 2257 et
1247 2186 1369 2254 utulate,

250 2294 341 2386 petra
356 2281 446 2346 bibat
461 2280 564 2345 omnis
577 2213 750 2344 multitudo
761 2292 794 2344 et
838 2298 874 2346 ut
889 2274 976 2346 ultrb
989 2283 1112 2348 bonum
1127 2284 1283 2373 eligentes
1296 2274 1371 2339 vioe-

249 2382 395 2460 Jumeutu
409 2371 488 2458 ejus.
509 2369 611 2436 Num.
634 2391 685 2434 eo.
702 2371 733 2434 8.
836 2394 928 2446 mm,
957 2387 988 2436 et
1010 2395 1079 2436 non
1092 2378 1279 2525 [creamus
1298 2356 1369 2426 malt

294 2458 439 2612 Cumqqe
470 2458 631 2546 quaesieris
658 2457 704 2521 ibi
725 2457 793 2521 Do·
835 2458 1090 2527 adimentes!
1115 2461 1165 2526 id.
1186 2483 1214 2523 e.
1235 2457 1286 2520 50.

246 2547 372 2612 minum
417 2570 491 2620 eum
508 2559 600 2612 tuum
618 2596 627 2624 ,
652 2545 792 2611 invenies
882 2545 1087 2614 luveniteum
1101 2550 1137 2614 in
1151 2549 1238 2614 terri
1250 2537 1366 2607 deserti,

249 2655 324 2698 uum
336 2658 344 2697 ε
355 2635 380 2698 si
397 2646 502 2699 tamen
515 2647 582 2700 toto
598 2634 696 2701 corde
711 2656 794 2720 quae-
837 2635 869 2699 in
881 2635 1118 2714 locohorroris‚
1129 2646 1268 2703 etvastae
1280 2625 1366 2694 solitu-

249 2720 357 2794 sienis,
375 2733 407 2784 et
426 2727 491 2785 toti
503 2721 710 2789 tribulatione
722 2723 793 2796 ani·
836 2723 918 2789 dinis
945 2750 953 2788 :
988 2726 1210 2791 circumduxit
1232 2741 1322 2788 eum,
1341 2719 1365 2771 ⁰²

247 2829 308 2895 mee
322 2820 394 2872 tuae·
414 2807 511 2875 Deut.
530 2812 561 2890 4.
583 2833 635 2899 aq.
835 2811 944 2878 docuit
973 2837 982 2878 :
1020 2826 1053 2878 et
1083 2810 1260 2881 custodivit
1292 2793 1364 2889 quttl

292 2895 333 2958 Et
347 2893 466 2959 iaciens
483 2897 737 2974 misericordiam
759 2899 791 2963 in
834 2899 989 2989 pupillam
1005 2901 1090 2968 oculi
1119 2904 1181 2969 sui.
1209 2893 1295 2965 ibid.
1319 2888 1359 2952 52·

246 2980 348 3048 multa
369 2980 466 3046 millia
487 2982 690 3073 diligentibus
709 3009 789 3064 me,
839 3011 888 3056 10.

229 3068 785 3161 ,etcustodientibuspraeceptamea.
879 3062 961 3147 Cum
985 3100 1104 3144 uecom
1129 3063 1363 3144 letifuerintdies

198 3161 205 3172 ’
246 3156 335 3242 ibid·
357 3157 387 3220 5·
406 3180 454 3230 ¹0.-
835 3101 1361 3251 tui‚stlomier1scumpauibus

289 3245 329 3317 Et
346 3245 438 3320 scies,
455 3245 528 3331 quia
542 3243 696 3311 Dominus
704 3248 790 3313 Deus
832 3252 1083 3329 tuis‚suscitabo
1091 3278 1203 3322 semen
1211 3246 1361 3329 tuumposl

243 3344 339 3406 tuus,
361 3330 430 3418 ipse
456 3343 504 3396 est
518 3331 603 3396 Deus
620 3333 729 3410 lortis,
757 3347 788 3400 et
832 3350 889 3415 te,
915 3341 1000 3426 quod
1023 3343 1207 3431 egredietur
1230 3338 1269 3403 (le
1284 3341 1364 3396 utero⁴

242 3416 345 3484 fidelis
366 3468 375 3494 ,
400 3417 584 3492 custodiens
604 3433 735 3506 pactum
755 3435 788 3488 et
831 3439 907 3502 tuo,
929 3441 961 3492 et
981 3429 1117 3496 firmabo
1138 3448 1272 3521 regnum
1290 3418 1356 3505 eju*

242 3505 496 3572 misericordiam
513 3504 718 3593 diligentibus
734 3535 786 3589 so,
832 3537 861 3578 e.
880 3515 957 3606 dog.
975 3541 1005 3603 7.
1029 3542 1077 3590 xa.

241 3606 274 3660 et
304 3593 377 3667 bis,
407 3593 460 3680 qui
492 3594 677 3660 custodiunt
703 3620 787 3684 prae-
874 3603 914 3678 Et
938 3605 1017 3670 dixit
1037 3607 1142 3674 David
1163 3607 1205 3672 ad
1225 3596 1356 3670 Nathan:

241 3677 783 3831 ceptaojusinmilleqoneratiouea:
828 3688 962 3761 Peccavi
978 3694 1127 3761 Domino.
1151 3693 1294 3778 Dixitque
1307 3677 1355 3745 Na·

240 3780 273 3833 et
285 3768 421 3834 reddens
430 3767 550 3846 odienti
576 3793 652 3836 usse
664 3775 783 3851 statim,
827 3777 905 3844 than
921 3780 963 3846 ad
981 3780 1106 3850 David:
1121 3782 1273 3849 Dominus
1287 3787 1354 3857 (1ΰο-

240 3858 285 3959 itb
298 3865 334 3920 ut
346 3853 581 3957 disperdamus,
591 3858 783 3928 etultranon
826 3888 888 3952 que
900 3869 1061 3943 transtulit
1071 3887 1241 3960 peccatum
1252 3871 1351 3929 tuum-⁶

241 3943 781 4031 dillorat‚prot1nl1seisnestituons,
826 3977 890 4019 non
907 3958 1062 4023 morieris.
1077 3959 1168 4024 Ibid.
1193 3979 1239 4023 ta.
1261 3948 1306 4014 ¹5·

244 4033 331 4132 quod
346 4041 518 4108 merentur.
538 4031 710 4126 ibid.7.q.
727 4060 776 4105 ιο.
874 4043 996 4114 omnes
1021 4049 1195 4125 morimur,
1222 4055 1252 4110 et
1277 4022 1350 4122 quasi
