2884 4725
248 323 308 389 ¹9⁰
501 293 586 365 CON
601 254 605 265 ι
1056 298 1142 366 CON
1381 375 1382 406 1

243 414 320 479 tlran
342 411 383 476 ad
397 408 519 485 David:
538 408 692 475 Dominus
707 432 783 498 quo
869 410 960 477 'l'uno
974 412 1077 500 coepit
1094 414 1240 501 (Petrus)
1256 412 1340 478 duet-
1381 409 1382 484 l

244 524 306 589 que
321 496 479 564 transtulit
490 510 657 586 peccatum
669 510 781 575 tuum,
824 500 884 565 tari
893 512 925 565 et
935 500 1065 588 jurare,
1078 500 1150 588 quia
1160 502 1341 565 nonacrisset

243 612 308 654 non
328 587 481 652 morieris.
504 587 629 677 alleg.
655 609 703 653 aa.
730 588 779 652 15.
824 586 998 653 hominem.
1033 590 1077 653 Et
1098 589 1244 658 contiuuo
1262 588 1340 676 gallaa
1381 599 1382 652 i

244 676 373 741 Videat
391 696 419 739 a.
439 676 515 765 lieg.
534 678 583 754 24.
604 698 652 740 ro.
672 690 784 761 etseq..
817 677 983 750 cantavit3
1028 690 1063 757 et
1103 677 1276 742 recordatus
1307 688 1341 740 est

242 806 244 811 -
302 762 575 852 =consternatique
623 763 789 851 principes⁴
825 764 937 830 Petrus
962 766 1057 831 verbi
1090 765 1211 850 ,lesus
1232 777 1286 830 etc.
1312 765 1341 827 lit

244 849 360 925 lsrael,
380 863 478 917 etrex
493 851 658 917 dixerunt:
673 850 782 917 Justus
823 875 842 917 e
864 876 967 919 resaus
989 854 1080 919 fortas
1101 850 1222 931 ,llevit
1245 858 1338 917 amare
1381 853 1382 864 ’

184 958 200 977 ‘
243 952 290 1007 est
311 940 475 1006 Dominus.
497 940 641 1027 Cirmque
655 939 783 1006 vidisset
823 876 943 1009 tlaut
963 943 1018 1007 26.
1036 946 1091 1029 74·
1111 945 1171 1028 .75.’
1228 980 1239 997 ·
1381 983 1382 1044 i

242 1029 420 1104 Dominus,
451 1028 536 1117 quod
558 1028 714 1094 humiliati
729 1052 783 1093 ea·
868 1030 909 1093 Et
923 1035 1000 1096 ecce
1017 1028 1158 1106 mulier,
1174 1052 1241 1116 qua
1253 1026 1341 1093 cratia
1381 1067 1382 1082 a

242 1130 332 1193 seut,
349 1118 450 1183 lactus
468 1129 515 1183 est
534 1140 639 1183 sermo
653 1117 782 1182 Domini
823 1117 1147 1206 civitatepeccatrix,
1160 1116 1339 1206 utcognorit.
1381 1115 1382 1188 ἶ

242 1205 283 1271 ad
322 1204 480 1271 Semeiam
517 1205 624 1271 diceus
650 1230 669 1295 ε,
687 1206 782 1285 'Quia
823 1206 910 1293 quod
920 1208 1128 1273 accubuisset
1141 1208 1254 1293 (letata)
1263 1202 1343 1270 indo
1381 1225 1382 1240 ³

242 1292 400 1360 humiliati
416 1306 508 1370 suut,
525 1306 590 1359 non
602 1295 649 1359 dis
672 1294 781 1360 erdam
823 1318 876 1359 mo
884 1294 1172 1372 Pharisaei‚attulit
1179 1294 1342 1359 alabastrum

242 1382 468 1470 eoa,daltoque
483 1317 782 1471 eispauxilllrmau-
823 1406 866 1447 un
889 1384 996 1459 uenti,
1018 1397 1054 1453 et
1069 1397 1159 1450 stans
1175 1388 1255 1447 retro
1269 1401 1339 1445 mcor

241 1469 324 1547 allii,
339 1483 371 1536 et
382 1494 445 1537 non
453 1470 583 1537 stillabit
597 1472 685 1537 suror
693 1495 782 1538 meua
822 1406 919 1559 pelea
956 1473 1026 1559 ejua
1044 1523 1058 1549 ,
1095 1472 1242 1561 lacrymis
1267 1467 1342 1551 cepit

242 1583 336 1648 super
366 1558 543 1626 Jerusalem
571 1584 628 1649 per
650 1583 780 1626 manum
824 1560 927 1648 rigare
947 1562 1046 1649 pedes
1072 1562 1168 1650 ejus,
1194 1571 1226 1625 et
1246 1552 1340 1643 capill'u
1381 1577 1382 1580 ¹

242 1648 779 1737 Sasao.Verirmtamenservientci,
823 1648 934 1736 capitis
950 1651 998 1713 sui
1015 1651 1185 1737 tergebat,
1201 1642 1341 1713 etoscula-
1372 1705 1376 1715 ,

243 1749 277 1802 ut
297 1738 398 1803 sciant
420 1738 599 1803 distantiam
623 1737 781 1803 servitutis
822 1736 917 1802 batur
931 1737 1139 1826 pedes‘ejus,
1159 1749 1192 1801 et
1207 1742 1341 1821 ungraeato

239 1848 338 1903 meae,
354 1839 387 1891 et
402 1827 560 1891 servitutis
579 1826 667 1913 regui
686 1838 781 1890 terra·
822 1826 972 1914 ungebat.
999 1826 1072 1892 Luc
1095 1852 1126 1913 7.
1157 1827 1208 1912 57.
1238 1822 1285 1886 58.
1311 1819 1340 1880 Et
1381 1829 1382 1898 ἦ

240 1938 322 1981 rum.
340 1937 369 1979 a.
384 1916 498 1981 Paret.
520 1936 567 1979 ra.
586 1916 619 1979 6.
630 1938 659 2000 7.
679 1916 709 1978 8.
823 1937 993 1981 conversus
1015 1916 1058 1980 ad
1080 1906 1339 1986 multarentur
1381 1977 1382 1994 ¹

285 2002 348 2083 Qui
381 2003 584 2090 (Manassen)
614 2008 780 2090 postquam
824 2002 964 2068 Simoni:
978 2003 1078 2069 Vides
1087 1993 1338 2069 hancmulierem?

240 2102 463 2179 coangustatus
491 2103 558 2166 est,
587 2091 687 2155 oravit
711 2091 780 2155 Do·
822 2091 985 2157 Intraviin
993 2091 1339 2173 domumtuam,aquam

238 2183 363 2249 minum
390 2180 492 2245 Deum
518 2202 611 2245 suurn
631 2203 639 2244 τ
669 2179 780 2268 etegit
821 2180 955 2268 pedibus
969 2181 1049 2245 meis
1060 2204 1130 2247 non
1146 2172 1338 2245 dedistithat

239 2269 457 2358 poeaitentiam
472 2266 564 2333 valde
586 2291 695 2334 coram
712 2268 780 2333 Deo
822 2281 929 2334 autem
956 2267 1118 2357 lacrymis
1136 2266 1246 2359 rigavit
1267 2258 1339 2350 polet

239 2371 364 2448 patrum
374 2381 513 2426 suorum.
522 2356 781 2446 Deprecatusque
822 2347 1340 2447 meos,etcapillissuistersit.ldel

239 2462 286 2514 est
297 2471 371 2514 eum
383 2500 391 2525 ,
405 2459 437 2513 et
449 2447 624 2513 obsecravit
636 2447 777 2512 intente:
821 2448 1028 2513 remittuntur
1041 2449 1073 2513 ei
1096 2457 1228 2537 peecata
1245 2436 1338 2508 muln·

193 2571 211 2614 ρ
238 2549 271 2602 et
297 2537 455 2604 exaudivit
482 2537 658 2604 orationem
684 2536 778 2624 ejus,
821 2534 1246 2624 quoniamdilexitmultirm·
1260 2525 1336 2602 toll

238 2624 425 2714 reduxitque
447 2648 521 2690 eum
545 2622 723 2692 Jerusalem
746 2625 779 2690 in
820 2641 851 2692 et
866 2629 919 2712 47.
1270 2647 1273 2651 ’

237 2737 371 2802 regnum
409 2737 503 2779 suum
529 2739 536 2780 :
566 2726 599 2778 et
631 2714 780 2802 cognovit
866 2714 1019 2803 Surgam,
1042 2726 1075 2778 et
1101 2715 1156 2780 ibo
1178 2710 1218 2778 ad
1241 2717 1339 2797 pamm

238 2803 415 2880 Manasses,
436 2803 521 2890 quod
540 2801 694 2868 Dominus
713 2803 779 2890 ipse
821 2823 947 2877 meum,
975 2815 1008 2889 et
1034 2803 1145 2870 dicam
1170 2801 1222 2866 ei:
1248 2795 1337 2862 Pata,

238 2904 319 2956 esset
333 2892 429 2957 Deus.
446 2891 537 2956 Ibid.
557 2893 609 2956 st.
631 2914 678 2957 ra.
820 2891 950 2977 peccavi
966 2891 998 2956 in
1014 2891 1135 2958 coelum
1144 2900 1179 2956 et
1188 2906 1289 2955 coram
1300 2892 1337 2976 ²⁰!

282 2981 322 3045 Et
345 2980 492 3046 clamavit
517 2981 619 3045 omnis
641 2977 778 3068 populus
821 2979 885 3064 jam
915 2999 981 3044 non
1010 3003 1082 3046 sum
1116 2981 1229 3068 dignus
1254 2986 1338 3037 rocon

238 3067 278 3133 ad
291 3067 463 3136 Dominum
480 3069 626 3134 instantii
643 3071 777 3156 magnai,
820 3065 904 3134 filius
919 3077 1015 3134 tuus:
1032 3070 1084 3135 fac
1099 3093 1154 3135 me
1166 3067 1245 3133 sicut
1258 3073 1337 3124 unum

236 3170 270 3224 et
286 3151 539 3226 ¹humiliaverunt
565 3157 685 3222 animas
707 3179 778 3220 suas
821 3155 861 3222 de
880 3157 1085 3223 mercenariis
1100 3159 1174 3225 tuis.
1195 3148 1278 3219 ltct
1299 3143 1335 3206 ¹5·

237 3247 270 3314 iu
290 3249 418 3336 jejuniis
435 3258 467 3312 et
486 3244 701 3318 orationibus,
718 3243 793 3340 ipsi⁴
824 3246 873 3310 18.
1226 3269 1230 3274 ’

143 3333 146 3338 ’
237 3336 424 3403 etmulieres
439 3344 632 3407 eorum‚etc.
642 3330 774 3398 Jocttrt.
864 3333 904 3398 Et
920 3332 1112 3401 Publicanos
1123 3343 1142 3401 a
1154 3333 1335 3483 longtstautt

234 3427 266 3502 4.
284 3427 317 3489 8.
820 3420 948 3486 nolebat
969 3445 1031 3488 nec
1051 3423 1202 3502 oculosa
1240 3409 1336 3482 ctttltlm

279 3513 424 3577 Rursum
453 3511 571 3574 missus
599 3507 704 3572 Jonas
734 3507 779 3572 ad
820 3509 943 3587 levare,
960 3511 1016 3576 aed
1035 3510 1233 3599 percutiebat
1247 3509 1336 3599 poclm.

234 3599 427 3673 Ninivitas,
449 3597 611 3685 predicat
632 3596 779 3662 civitatis
805 3622 932 3675 -auum,
948 3599 1074 3665 dicens:
1089 3601 1192 3671 Deus.
1204 3589 1336 3688 propitttjt

233 3685 497 3756 subversionem:
520 3685 589 3750 ttttr
605 3699 715 3750 autem
733 3685 779 3750 ad
818 3687 973 3754 cstomihi
985 3691 1157 3776 peccatori.
1168 3686 1219 3752 lt.
1239 3681 1281 3745 18·
1294 3689 1333 3775 J?-

232 3773 340 3842 Deum
355 3775 519 3838 conversis
532 3787 562 3838 et
572 3795 697 3863 magun
709 3797 778 3861 pte·
865 3775 962 3847 Stans
975 3777 1262 3847 automzachau,
1274 3763 1336 3826 Μ

234 3863 382 3926 nitentior
400 3862 497 3952 signa
517 3861 775 3940 comedentibus,
819 3864 861 3930 ad
878 3866 1072 3940 Dominum:
1096 3872 1172 3941 ecce
1194 3852 1335 3955 omitum

230 3953 341 4040 parcit
352 3952 515 4020 Dominus
526 3951 667 4017 civitati.
682 3952 778 4019 Jonoe
818 3954 977 4020 honorum
1003 3963 1171 4031 meorum,
1197 3951 1333 4036 Domfflff·

233 4065 260 4106 o.
281 4041 311 4105 5.
423 4059 428 4068 ·
602 4097 605 4104 .
782 4073 787 4085 ·
820 4041 861 4108 do
893 4043 1118 4129 pauperibus:
1155 4054 1187 4108 ct
1214 4037 1238 4102 si
1272 4018 1333 4115 quad
