2884 4725
299 313 393 381 nou
557 372 560 390 ,
841 306 927 377 corr
1093 251 1097 257 ’
1125 310 1182 397 1⁵7

69 446 169 491 surore
189 421 353 489 malitiam
372 430 390 489 d
412 411 506 489 carno
526 425 605 487 sus:
648 421 829 497 bominem,
842 422 896 526 (psi
909 422 1186 513 corrumpiturse·

68 510 279 581 adolescentia
302 512 388 577 enim
410 523 441 579 et
463 508 607 599 voluptas
647 509 788 577 cundum
796 509 950 576 desideria
959 510 1085 577 erroris.
1095 512 1182 601 Epa.
1259 573 1263 578 .

66 612 238 666 rsussunt.
258 600 440 667 Booten.
463 621 511 664 ro.
647 602 679 678 1.
700 620 751 663 aa.
772 597 1011 664 Videatur.
1029 602 1061 681 4.
1081 601 1111 665 5.
1154 640 1159 648 ι
1191 613 1194 618 “

101 688 147 755 Na
157 688 348 777 sequarisin
356 687 541 755 fortitudine
551 690 606 751 tud
690 686 873 772 Fornicatio
891 698 1017 764 autem,
1036 701 1069 753 et
1084 688 1186 753 omnis
1218 737 1221 743 -

59 776 358 866 concupiscentiam
402 774 508 843 cordis
546 776 603 841 tui.
647 773 871 852 immunditia,
899 786 954 839 aut
977 777 1186 843 avaritia-nec

58 866 159 933 batt.
177 866 210 931 5.
232 886 267 931 a.
647 863 988 939 nomineturinvobis‚
1001 864 1187 931 sicutdecct

99 952 268 1043 Virginem
288 974 330 1019 ne
349 950 546 1055 conspicias,
567 972 608 1017 ne
647 963 782 1017 sanctos.
800 950 890 1017 Ibs‘d.
909 952 939 1017 5.
958 952 989 1017 5.

61 1041 140 1107 fortb
168 1040 399 1108 scandalizeris
430 1062 463 1104 ιιι
493 1039 608 1105 decore
689 1038 1188 1129 Mortificateergbmembrsvas·

60 1128 149 1195 illius.
162 1130 184 1195 1
186 1130 257 1197 bs'd.
277 1152 310 1217 9.
322 1130 353 1194 5.
368 1126 484 1193 Averte
495 1126 608 1193 facicm
647 1139 718 1203 tra,
743 1151 813 1221 quae
835 1140 909 1193 sunt
928 1150 1024 1216 super
1043 1140 1185 1205 terrem,

58 1228 144 1283 tuam
157 1225 177 1285 5
192 1217 337 1284 muliere
353 1220 502 1305 compti,
518 1227 552 1281 ct
566 1238 607 1281 ne
646 1215 905 1293 fornicationem,
928 1216 1185 1293 immunditiam,

60 1305 447 1395 circumspicinstpeciem
456 1302 603 1369 alienum.
646 1302 839 1380 libidinem,
894 1305 1186 1393 concupiscentiam

60 1418 90 1461 o.
102 1397 139 1459 -8.
154 1394 299 1483 Propter
313 1394 449 1481 speciem
465 1390 607 1457 mulieris
646 1390 781 1468 mulam,
797 1403 859 1457 etc.
879 1392 998 1458 Coloss.
1017 1395 1048 1459 5.
1068 1394 1098 1459 5.

62 1482 147 1549 multi
179 1483 379 1587 perierunt:
412 1493 444 1546 et
474 1504 512 1545 ex
544 1481 607 1547 boc
659 1558 660 1561 Ἴ
691 1479 934 1557 Erudiensnos,
949 1482 1058 1546 utubn
1098 1492 1187 1546 antas

61 1569 605 1659 concupiscentiaquasiignisoxar·
646 1567 1071 1657 impietatem,etsaeoularia'
1088 1568 1187 1635 esido-

64 1658 168 1725 descit.
191 1683 227 1725 u.
251 1682 286 1745 9.
646 1656 712 1733 ria,
728 1657 853 1732 sobrie,
870 1668 903 1721 et
917 1657 1000 1746 juste
1011 1706 1021 1733 ,
1032 1658 1127 1745 aspis
1137 1658 1188 1722 vi.-

106 1745 607 1833 Postconcupiscentiastuasnon
646 1768 757 1810 samus
765 1745 797 1809 in
812 1744 874 1811 boc
882 1744 1007 1811 saeculo.
1015 1746 1116 1829 Tibur.
1136 1766 1183 1810 su.

67 1842 200 1911 cas,etb
213 1833 602 1903 voluntatemtarertarc.
675 1832 877 1921 Deponentes
885 1834 1114 1923 igituronrncm
1122 1856 1186 1901 ιιιιι-Ι

67 1922 100 1987 Si
120 1936 249 2011 prestes
271 1923 385 1989 anima
405 1934 467 1987 tuas
485 1944 607 1989 conou—
647 1920 768 1998 litium,
796 1932 830 1987 ct
850 1944 979 1987 omnem
1006 1922 1135 1998 dolum,
1152 1934 1187 1986 et

66 2010 230 2097 piscentias
240 2012 329 2100 ejus,
341 2011 438 2077 saciet
452 2022 483 2075 tc
493 2012 608 2099 ingau-
647 2009 876 2089 simulationes,
883 2023 916 2076 ct
923 2010 1188 2089 invidiss,etom-

70 2098 153 2163 dinm
167 2100 302 2167 inimicis
314 2100 389 2165 tuis.
407 2098 459 2165 15.
481 2102 529 2164 ι8.
550 2100 603 2164 50.
647 2096 1187 2187 ncsdetructioncs.Sicutmodbge-

117 2186 208 2251 buisr
218 2194 237 2253 a
248 2212 301 2255 me
311 2187 430 2254 ventris
441 2187 606 2276 concupis·
647 2186 704 2253 niti
711 2187 857 2263 infantes,
865 2200 928 2255 etc.
941 2211 968 2254 1.
977 2188 1065 2254 Pstr.
1078 2211 1108 2253 a.
1117 2208 1181 2252 r.a.

76 2274 210 2350 centias,
228 2288 259 2341 et
277 2276 463 2343 concubitus
476 2276 606 2341 'concu-

75 2359 602 2454 pisoenpiaeneappmhffldmtme·
663 2342 894 2389 counosauuuu
921 2344 1035 2390 raarru
1059 2347 1092 2392 us
1116 2346 1173 2390 uos

74 2447 171 2514 Ima,-
186 2450 236 2516 25,
253 2452 284 2516 5,
836 2432 1005 2478 incussus.

119 2535 169 2603 Nc
182 2539 328 2628 respicias
342 2541 373 2606 in
386 2540 524 2608 mulieris
538 2563 606 2630 spe·
689 2543 868 2612 Memorare
886 2544 1034 2610 timorem
1053 2543 1133 2623 Dei,
1155 2560 1189 2614 ct

72 2624 176 2702 ciem,
193 2638 225 2692 ct
238 2651 304 2694 non
319 2631 518 2719 concupiscas
532 2652 606 2696 mu·
647 2653 711 2698 non
733 2631 878 2697 irascaris
900 2633 1055 2721 proximo.
1080 2633 1185 2703 Booti.

70 2709 179 2780 dieram
194 2716 228 2782 in
242 2717 357 2806 specie.
373 2717 461 2784 Itis.
482 2719 533 2783 25.
550 2721 601 2785 28.
649 2722 700 2786 ab.
722 2723 754 2785 8.

110 2801 145 2870 si
152 2803 263 2872 oculus
271 2817 344 2873 tuus
351 2805 446 2873 suerit
453 2803 603 2910 simplex,
690 2809 758 2911 Epo
773 2818 880 2872 autern
896 2807 969 2874 dico
983 2810 1095 2877 vobis:
1112 2814 1187 2901 quia

70 2903 166 2958 totum
192 2918 231 2962 co
272 2918 310 2960 us
340 2907 433 2964 tuum
463 2894 605 2962 lucidum
646 2895 837 2982 omnus,qui
850 2895 995 2962 irascitur
1005 2898 1095 2964 fratri
1107 2923 1185 2976 suo,

72 2979 222 3050 criubist
263 2984 324 3048 .6.
345 3005 398 3050 ιι.
647 3007 719 3050 reus
731 2982 792 3052 crit
802 2982 933 3071 judicio.
947 2985 1067 3054 Hostis.
1083 2991 1114 3053 5.
1131 3011 1183 3055 aa.

114 3067 180 3134 lion
204 3078 279 3160 ergo
400 3083 604 3160 t'peccatum
646 3072 743 3139 Item.
761 3096 794 3138 o.
815 3073 866 3136 23.

73 3151 106 3218 in
125 3169 222 3224 vestro
241 3159 369 3228 mortui
391 3182 545 3249 corpora,
570 3173 606 3227 ut
691 3161 725 3226 Si
743 3160 829 3225 anim
851 3160 1032 3230 dimiseritis
1047 3161 1187 3229 homini-

74 3240 215 3313 obedum
233 3247 502 3335 concupiscentiis
521 3249 601 3338 ejus.
647 3248 706 3314 bus
729 3260 859 3337 peccata
887 3273 1022 3316 eorum:
1046 3250 1189 3318 'dimittat

73 3327 157 3398 Boos.
170 3335 200 3400 6.
218 3357 269 3402 aa.
287 3337 318 3400 V
319 3335 452 3402 iduato.
472 3338 521 3402 15.
541 3341 590 3416 ¹4·
646 3349 678 3402 et
702 3337 793 3403 vobis
812 3337 906 3403 Pater
929 3351 1033 3404 uester
1055 3339 1187 3406 celestis

118 3417 175 3496 Qui
199 3436 306 3490 sutem
332 3425 366 3490 in
392 3437 603 3502 carnerunt,
646 3424 761 3492 delicta
776 3439 889 3492 vostra.
907 3423 1047 3492 Itius.
1071 3430 1120 3507 sd.

71 3501 269 3594 Deopbcens
280 3535 346 3578 non
357 3525 500 3601 possunt.
511 3511 532 3578 1
534 3512 600 3579 bid.
689 3514 774 3582 Dicit
784 3511 830 3580 illi
845 3511 975 3602 (Paro)
991 3513 1101 3582 Jesus:
1115 3516 1186 3583 Non

71 3593 103 3657 8·
122 3595 152 3698 83
170 3595 197 3656 V
199 3599 341 3666 idesto.
364 3623 414 3666 ra.
646 3601 719 3668 dico
740 3603 823 3680 tibi,
846 3626 946 3691 usquo
968 3604 1102 3706 septies,
1130 3601 1187 3668 sed

114 3681 190 3750 Drco
208 3698 330 3754 antem:
354 3689 475 3777 Spiritu
491 3690 604 3756 umbu-
645 3691 966 3780 usqueseptuagiesse
987 3687 1182 3760 secund.

70 3765 153 3846 late,
168 3785 209 3876 'ss
233 3774 387 3844 desideria
414 3778 519 3844 carnis
539 3801 603 3846 non
649 3781 698 3844 18.
730 3800 780 3843 aa.
819 3778 873 3845 Sic
905 3792 938 3846 et
966 3715 1061 3846 buter
1096 3801 1187 3846 maus

66 3857 370 3952 pertemiscant.
390 3867 421 3932 5.
444 3867 492 3932 ι6.
645 3865 781 3934 caelestis
811 3867 906 3933 faciet
931 3868 1046 3945 vobis,
1073 3869 1185 3933 sinon

81 3945 336 4048 ‘Deponarcsos
344 3954 605 4042 secundumpris·
645 3955 828 4021 remiseritis
856 3956 1070 4044 unusquisque
1095 3951 1184 4017 fratri

66 4045 160 4108 unam
175 4043 452 4110 conversationem
465 4054 604 4110 ueterem
646 4067 703 4110 suo
720 4044 762 4110 de
775 4043 927 4112 cordibus
940 4042 1061 4110 rastris.
1079 4063 1112 4105 o.
1128 4037 1180 4102 55.
