2884 4725
332 234 423 301 11111
896 238 977 305 aaa
1185 268 1235 329 77-

51 398 62 418 .
116 348 245 413 exaudies
258 346 299 413 de
311 349 417 425 coelo,
434 361 467 413 et
500 348 648 436 ropitiare
687 346 826 433 tuagiata
849 351 949 423 anni,
972 348 1104 414 visitabo
1131 372 1226 439 super

55 453 66 496 .·
108 448 228 523 peceato
248 436 364 525 populi
396 437 443 503 tui
471 372 587 512 lira'a'l,
616 449 648 501 et
687 456 795 521 regem
811 434 993 524 Babylonis,
1006 449 1226 526 etsupergcn-

106 524 192 589 reduc
206 548 260 590 eos
277 526 469 601 interram,
486 524 648 613 quamde·
688 534 753 587 tem
769 520 873 598 illam,
891 525 968 590 dicit
984 525 1151 600 Dominus,
1165 528 1227 591 iui-

51 621 56 630 '
103 612 167 676 disti
194 615 257 688 eis,
285 627 320 679 et
342 614 491 703 patribus
512 637 645 689 eorum,
687 611 841 699 quitatem
858 635 986 699 eorum,
1003 626 1035 677 et
1050 638 1143 702 super
1161 627 1226 679 ter-

98 712 151 765 etc.
167 724 195 765 a.
213 703 337 769 Perat.
351 704 387 769 6.
410 706 460 781 ad.
478 700 561 767 Vide
571 717 642 768 etv.
687 722 756 765 ram
781 697 1003 766 Chaldaeorum
1027 726 1035 766 ε
1057 714 1088 767 et
1109 726 1226 790 ponam
1255 716 1258 724 '

97 789 144 875 57.
160 812 230 875 inq.
241 790 289 853 ad
302 791 426 879 finem
685 785 810 853 illumin
817 786 999 855 solitudines
1006 791 1221 878 sempiternas.

113 876 644 967 Propeestutreniattempusejus,
685 875 775 940 lbid.
792 878 844 941 15.
865 901 914 941 aa.

93 978 121 1028 et
136 965 204 1031 dics
226 967 298 1053 ejus
317 992 390 1033 non
401 966 642 1055 elongabuntur.
732 965 815 1044 Quia
845 965 914 1032 haec
939 966 1016 1031 dicit
1046 966 1222 1035 Dominus:

92 1052 298 1121 bliserebitur
317 1056 408 1121 enim
424 1054 577 1120 Dominus
589 1056 646 1120 511-
686 1057 761 1117 cum
773 1055 929 1141 coepcrint
945 1053 1069 1142 impleri
1078 1056 1111 1121 in
1124 1055 1226 1143 Baby·

90 1142 165 1217 eob,
182 1156 215 1208 et
231 1145 341 1233 eliget
356 1143 464 1209 adbuc
475 1142 513 1209 de
530 1143 645 1219 lsrael,
686 1138 759 1208 lone
770 1155 977 1231 septuagenta
991 1145 1077 1218 anni,
1095 1144 1226 1210 visitabo

88 1241 118 1292 et
132 1232 351 1319 requiescere
368 1256 422 1298 eos
445 1232 536 1297 faciet
554 1255 647 1320 super
684 1252 739 1294 eos
768 1253 776 1294 :
802 1242 835 1295 et
864 1232 1022 1296 suscitabo
1053 1256 1146 1320 super
1171 1255 1226 1299 vos

89 1317 224 1385 hamum
241 1344 370 1387 suam:
389 1320 579 1407 ad’ungetur
591 1320 645 1383 ad·
685 1317 817 1383 verbum
833 1342 944 1385 meum
956 1320 1097 1395 bonum,
1119 1333 1154 1384 ut
1175 1345 1227 1385 re·

87 1429 162 1473 rena
180 1408 225 1474 ad
244 1432 330 1484 cos,
351 1420 383 1473 et
398 1344 571 1473 adhaerebit
587 1408 646 1473 do·
684 1405 801 1473 ducam
827 1431 882 1475 vos
909 1408 949 1473 ad
980 1405 1086 1474 locum
1115 1409 1220 1476 istum.

88 1496 150 1559 mui
159 1496 293 1564 Jacob.
312 1497 380 1563 Isa.
401 1498 449 1575 ad.
467 1520 492 1559 1.
683 1493 773 1560 Ibid.
790 1518 840 1582 ap.
865 1519 912 1561 ιο.

131 1584 390 1659 consolamini,
412 1582 643 1661 consolamini,
727 1582 777 1647 'l'u
799 1590 874 1672 orgb
904 1586 1101 1660 netimeas,
1133 1608 1220 1651 serre

88 1672 208 1823 popule
219 1698 340 1749 mens,
354 1671 430 1739 dicit
439 1674 522 1738 Deus
529 1686 639 1739 vester.
684 1694 773 1737 meus
787 1670 907 1750 Jacob,
920 1672 963 1737 ait
978 1672 1150 1741 Dominus.
1167 1697 1220 1738 na

116 1764 282 1849 oquimini
307 1762 347 1829 ad
367 1784 424 1827 cor
442 1760 641 1838 Jerusalem,
683 1759 1219 1850 quepareaslsrac'l:quiaecceego

91 1862 123 1911 et
153 1850 318 1919 advocate
348 1874 418 1916 eam
453 1874 461 1915 s
493 1846 645 1937 quoniam
683 1847 810 1914 salvabo
822 1862 853 1915 te
865 1849 904 1914 de
920 1854 1003 1915 terrai
1022 1849 1217 1939 longinqua,

92 1936 256 2027 completa
280 1951 327 2005 est
343 1937 462 2005 mulitia
480 1938 549 2026 ejus
567 1990 576 2016 ,
593 1938 643 2003 di·
683 1949 829 2003 etsemen
841 1951 931 2005 tuum
943 1938 1075 2004 deterri
1091 1939 1206 2027 captivi

95 2026 192 2091 missa
216 2042 266 2095 est
281 2029 428 2116 iniquitas
451 2025 533 2091 illius
551 2051 559 2091 :
578 2051 642 2093 sus-
683 2026 755 2090 tatis
777 2049 898 2091 eorum.
921 2040 952 2093 et
970 2040 1144 2093 resertetur
1162 2028 1220 2091 Ja-

101 2114 189 2199 cepit
202 2116 244 2181 de
258 2139 352 2181 manu
364 2116 492 2182 Domini
504 2113 642 2203 duplicia
683 2114 762 2191 cob,
774 2118 970 2203 etquiescet,
987 2129 1019 2181 et
1036 2117 1159 2182 cunctis
1176 2115 1220 2180 as-

102 2204 638 2293 proomnibuspeccatissuis.lbid.
682 2203 760 2269 lluet
775 2204 883 2280 bonis,
899 2217 931 2268 ct
957 2228 1021 2269 non
1044 2206 1104 2269 erit
1123 2228 1218 2292 quem
1253 2225 1257 2233 ·

111 2288 170 2366 4⁰·
195 2311 222 2353 ¹·
682 2292 839 2359 formidet.
850 2293 871 2357 I
874 2292 940 2356 bid.
954 2293 995 2356 50
1014 2316 1063 2356 ro.

159 2377 350 2465 Egredimini
361 2380 398 2445 de
411 2380 582 2470 Babylone,
595 2383 642 2448 lu·
725 2381 762 2447 lu
778 2381 854 2446 lletu
867 2381 1012 2455 venient,
1033 2393 1065 2444 et
1081 2380 1113 2444 in
1129 2382 1218 2469 mise·

106 2463 179 2553 gite
195 2473 212 2530 b
226 2466 378 2532 Chaldaeis
391 2520 401 2544 ‚
416 2469 447 2534 in
465 2494 539 2537 voce
557 2469 642 2542 exul·
681 2470 816 2536 ricordid
840 2469 991 2534 reducam
1010 2491 1067 2533 eos
1085 2491 1096 2531 1
1116 2479 1147 2530 ct
1168 2471 1219 2532 ad-

107 2553 239 2620 tationis
265 2557 463 2622 annuntiate:
498 2558 640 2626 auditum
681 2557 796 2624 ducam
808 2581 862 2623 eos
877 2580 934 2645 per
948 2569 1104 2622 torrentes
1120 2579 1217 2643 aqua-

104 2641 201 2710 sacite
214 2643 296 2722 boc,
319 2643 472 2712 stellerae
489 2647 568 2714 illud
592 2649 640 2712 us-
681 2671 752 2712 rum
769 2648 801 2712 in
825 2647 872 2712 viai
892 2651 1003 2722 recti,
1025 2659 1058 2710 et
1079 2667 1144 2710 non
1163 2647 1219 2711 im-

84 2733 469 2826 ‚queadextrematerrm
481 2736 571 2803 lbid.
583 2739 635 2815 48.
703 2735 927 2823 ingentium,
948 2735 1021 2821 quia
1037 2734 1216 2800 lactussum
1236 2741 1243 2756 ‘

105 2842 156 2886 ao.
217 2829 222 2835 ’
373 2877 378 2882 .
680 2758 789 2890 israeli
804 2833 911 2909 pater,
935 2834 966 2885 ct
985 2823 1134 2909 Ephraim
1152 2823 1219 2910 pri-

146 2911 187 2974 Et
207 2916 280 2976 clam
299 2911 444 2978 evulsero
462 2937 516 2978 eos
536 2963 546 2988 ,
567 2935 641 2978 con·
680 2903 956 3000 moganitusmeus
968 2924 1032 2988 est,
1044 2923 1104 2976 etc.
1123 2911 1212 2980 ibid.

104 3009 235 3074 vertor,
259 3011 291 3064 et
310 3001 486 3066 miserebor
500 3025 610 3068 eorum
629 3024 637 3066 :
677 2999 734 3064 51.
762 3023 792 3088 9.

102 3097 134 3149 et
148 3087 300 3154 reducam
314 3113 370 3155 eos
387 3141 397 3167 ,
414 3091 515 3156 virum
528 3089 568 3156 ad
579 3090 641 3154 bre
725 3085 808 3153 Ecce
823 3111 882 3178 ogo
898 3089 1096 3177 congregabo
1107 3111 1162 3162 eos
1177 3087 1216 3151 de

103 3175 402 3254 reditatemsuam,
425 3190 457 3244 et
483 3177 584 3244 airum
608 3179 639 3244 in
680 3177 831 3242 universis
852 3177 962 3254 terris,
979 3177 1019 3241 ad
1037 3200 1115 3266 quas
1136 3177 1216 3263 ejeci
1276 3185 1279 3188 ⁴

103 3273 217 3330 terram
229 3289 330 3331 suam.
350 3267 471 3332 laen.
495 3288 542 3332 aa.
566 3267 614 3332 15.
680 3287 734 3330 eos
749 3266 781 3330 in
790 3265 896 3330 lurore
908 3288 991 3340 meo,
1004 3267 1076 3329 etin
1090 3266 1135 3328 iri
1146 3269 1217 3331 med

148 3349 210 3416 Sed
219 3354 296 3419 vivit
311 3355 483 3430 Dominus,
497 3355 551 3442 qui
566 3351 641 3420 eda·
680 3365 711 3418 et
732 3354 764 3419 in
783 3352 996 3441 indignatione
1015 3353 1126 3440 grandi
1151 3375 1159 3416 :
1186 3365 1219 3415 ct

106 3437 152 3499 xit
165 3437 243 3505 filios
260 3441 355 3507 lsrael
372 3441 411 3506 de
434 3447 518 3510 terrai
542 3442 640 3530 Aqui·
681 3438 830 3507 reducam
845 3465 900 3507 eos
917 3440 956 3505 ad
972 3439 1077 3507 locum
1095 3441 1188 3505 istum
1208 3490 1216 3513 ,

104 3519 240 3600 lonis‚et
248 3528 286 3593 de
304 3529 460 3596 Universis
478 3531 583 3610 terris,
599 3531 640 3596 ad
679 3541 712 3610 et
733 3529 875 3595 habitare
904 3553 957 3594 eos
987 3529 1099 3594 faciam
1122 3528 1218 3592 conli-

104 3634 186 3700 quas
214 3615 291 3702 ejeci
319 3641 401 3684 eos:
430 3632 462 3685 et
489 3619 639 3686 reducam
680 3617 891 3684 denterlbid.
912 3617 964 3684 52.
983 3617 1035 3705 57.

103 3701 444 3783 eosinterramsuam,
479 3731 551 3774 uam
566 3707 639 3774 dedi
677 3765 681 3776 .
725 3703 893 3794 Propterea
909 3705 1038 3793 loquere
1055 3730 1064 3771 a
1081 3701 1213 3769 llaecdi·

98 3788 249 3944 patribus
263 3817 380 3860 eorum.
399 3733 487 3862 laid.
519 3797 635 3866 16.15.
681 3796 726 3861 cit
755 3795 908 3863 Dominus
933 3795 1048 3880 Deus:
1082 3792 1219 3876 Congre-

134 3878 229 3946 idoc.
251 3885 300 3961 sd.
318 3885 348 3950 5.
415 3945 419 3956 ,
702 3884 764 3950 abo
778 3907 834 3950 ros
849 3884 889 3950 de
900 3881 1089 3972 populis‚et
1102 3877 1220 3940 aduna-

146 3965 294 4058 fidamque
307 3969 429 4062 impleti
445 3974 560 4042 luerint
575 3996 641 4062 sep
681 3907 723 4038 bo
736 3971 780 4055 d.
792 3973 895 4056 terris,
913 3973 944 4035 in
960 3971 1073 4067 quibus
1086 3963 1218 4054 diSPertj
