2884 4725
319 323 404 392 ADV
554 374 556 377 -
667 378 672 389 .
893 321 991 391 AEGR
1178 348 1215 391 ar

80 444 189 497 autem
212 430 341 521 Moyses
360 434 522 499 mandavit
538 437 630 502 nobis
719 437 786 502 Nox
798 436 947 508 recessit,
960 432 1028 499 dias
1043 445 1150 499 eutem
1160 458 1218 526 ap-

79 522 268 609 hujusmodi
295 521 447 611 lapidare.
471 522 574 589 Joau.
598 530 628 591 8.
674 524 919 613 propinquavit:
936 521 1124 610 abjiciamus
1138 530 1221 611 ergo.

78 611 107 673 ὅ.
126 609 219 675 Vide
235 609 343 676 levit.
365 634 416 677 ao.
436 633 486 676 ro.
674 637 770 701 opera
790 614 1013 687 tenebrarum,
1033 623 1094 677 otc.
1118 612 1211 679 llam.

120 698 236 785 Neque
252 699 437 774 fornicarii,
450 722 554 787 neque
567 702 631 767 ido-
679 704 727 767 ιδ.
753 725 800 767 rr.

75 785 111 850 lis
127 788 331 865 servientes,
356 811 459 876 neque
474 788 630 865 adulteri,
719 790 856 857 Orantes
884 791 972 855 omui
1001 801 1067 853 tem
1089 811 1146 855 ore
1180 789 1217 854 in.

76 898 180 963 neque
211 875 332 942 molles
354 916 397 927 —-
413 899 548 965 regnum
571 878 631 946 Dei
666 879 785 969 spiritu
800 904 809 945 z
826 892 860 944 et
874 812 1213 968 inipsovigilimtesin

73 962 306 1050 possidebunt.
330 988 357 1029 ι.
378 966 455 1030 Cor.
474 967 508 1031 6.
528 992 559 1054 9.
672 969 760 1032 omui
779 968 927 1032 instantii
942 979 974 1033 et
993 965 1213 1032 obsecratione

119 1052 197 1117 llaec
212 1064 265 1118 est
282 1054 371 1119 enim
386 1052 533 1119 voluutas
551 1056 629 1131 Dei,
671 1077 731 1143 pro
741 1056 889 1121 omnibus
900 1056 1027 1122 sanetis.
1037 1054 1156 1143 Epiros.
1176 1058 1208 1120 6.

74 1142 293 1207 sanctificatio
313 1154 416 1207 vestra
438 1165 446 1205 :
471 1154 508 1207 ut
532 1144 630 1209 altsti-
677 1148 727 1210 18.

74 1230 176 1295 neatis
201 1254 262 1295 ros
297 1236 315 1295 6
343 1230 561 1297 fornicatione.
599 1256 626 1298 ι.
717 1232 854 1297 Orontes
871 1231 964 1297 simul
979 1243 1013 1297 et
1026 1255 1085 1319 pro
1100 1231 1211 1309 nobis,

76 1318 183 1387 Ttm.
202 1322 239 1397 4.
257 1320 292 1383 5.
672 1332 708 1385 ut
730 1320 815 1386 Deus
842 1321 963 1408 aperiet
982 1320 1075 1386 nobis
1094 1321 1213 1385 ostium

117 1406 355 1473 Fornicatores
370 1418 475 1495 putem
492 1421 524 1473 ot
540 1409 631 1487 adul·
672 1410 826 1475 sermonis
846 1408 888 1473 nd
909 1408 1104 1498 loquendum
1125 1432 1213 1497 mys-

73 1506 156 1561 teros
193 1496 365 1585 judicabit
391 1495 488 1561 'lleus
523 1496 626 1565 Hedr.
671 1498 789 1561 terium
811 1496 951 1573 Christi,
973 1498 1214 1586 propterquod

77 1584 124 1648 rt.
140 1587 172 1664 4.
671 1585 1212 1662 etiemvinctusaum,utmeuil'es-

117 1672 294 1750 Adulteri,
311 1674 538 1761 nescitis,quia
554 1676 625 1740 ami·
672 1686 738 1740 tem
761 1673 865 1750 illud,
889 1675 932 1739 itt
956 1686 991 1737 ut
1012 1685 1138 1763 oportet
1159 1698 1211 1741 me

76 1762 147 1827 anta
163 1762 269 1851 nujus
300 1762 410 1829 munli
429 1764 558 1830 inimica
581 1776 630 1831 est
673 1762 703 1827 ιο
727 1764 770 1828 ut.
790 1763 909 1829 cota.
923 1767 955 1842 t.
975 1747 1012 1828 a·

77 1850 154 1916 Dei?
168 1851 249 1917 doe.
270 1853 305 1930 4.
327 1854 359 1930 4.
677 1869 679 1873 ·
704 1788 817 1940 lgitur
837 1874 902 1917 uon
917 1851 1111 1917 dormiamus
1128 1851 1212 1917 sieut

670 1951 704 2005 et
720 1941 818 2007 ceteri
833 1991 843 2017 ,
861 1940 916 2007 aed
931 1939 1095 2029 vigilemus
1108 1952 1144 2006 et
1157 1964 1211 2006 so-

81 2004 241 2055 mitulus
249 2008 625 2057 ΒΟΙῘΜΒΧΕΡΒΕΤΑΝΒΜ.
671 2028 732 2094 binii
741 2030 848 2094 simus·
866 2054 892 2095 ¹·
910 2028 1018 2095 Tm·
1031 2030 1061 2094 5·
1072 2031 1104 2094 6·

122 2116 260 2205 Vigilate
275 2125 371 2208 erge,
389 2120 464 2209 quia
480 2120 628 2198 nescitis,
715 2117 975 2207 Potieutesigitur
985 2129 1209 2192 estotaetvos,

84 2208 148 2289 qud
159 2204 239 2269 hori
252 2206 411 2275 Dominus
430 2220 536 2274 vester
555 2233 630 2289 reu·
671 2216 702 2271 et
710 2206 1001 2273 confirmateoorda
1008 2218 1211 2293 restratquo

89 2302 182 2355 turus
196 2294 246 2357 sit.
266 2296 382 2364 Mariti.
403 2299 456 2377 ad.
475 2299 530 2378 da.
671 2294 757 2362 niam
777 2294 931 2362 adrentus
955 2295 1084 2360 Domini
1100 2317 1212 2384 appro

135 2379 270 2482 Vipilate
286 2384 409 2472 itaque,
427 2387 502 2474 quia
524 2388 630 2454 nesei—
670 2384 844 2474 pinquavit.
858 2386 933 2450 loe.
950 2385 981 2447 5.
1001 2385 1032 2449 8.

89 2468 131 2534 tis
159 2465 247 2533 diem
266 2493 368 2558 neque
386 2474 507 2541 lroram.
535 2476 625 2543 lbid.
715 2473 753 2538 ln
760 2484 868 2537 mente
880 2477 956 2559 ergo
973 2469 1057 2535 habe
1074 2469 1210 2558 qualiter

88 2557 143 2622 25.
171 2557 221 2621 rt.
287 2564 293 2582 '
671 2558 1210 2650 aeceperia,etaudieris:eteerra,

129 2646 172 2709 Et
189 2647 279 2712 veuit
295 2647 336 2712 ad
353 2648 516 2740 discipulos
532 2677 627 2732 suos,
671 2650 931 2739 etpoeuitentiam
943 2671 1010 2738 age.
1023 2647 1212 2735 Siergltnon

83 2745 114 2798 et
132 2735 258 2801 invenit
280 2759 334 2808 eos
358 2738 572 2820 dormientes,
597 2755 629 2808 et
669 2737 866 2825 vigilaveris,
886 2738 1012 2803 reniam
1031 2735 1073 2802 ad
1091 2749 1124 2801 te
1138 2749 1212 2803 tan-

84 2823 160 2888 dioit
183 2823 281 2892 Petro
302 2850 310 2892 :
330 2827 386 2895 sic
400 2853 464 2896 nou
481 2832 628 2920 potuistis
671 2850 768 2913 quam
787 2827 859 2902 lor,
875 2837 909 2891 et
927 2826 1119 2913 nesciesqui
1131 2824 1209 2891 horai

85 2917 145 2978 uni
159 2913 238 2980 horti
254 2915 388 3006 vigilare
403 2921 554 2986 mecum?
572 2919 624 2987 ld.
670 2916 797 2983 venium
812 2914 854 2980 ad
864 2925 907 2979 te.
922 2915 1025 3003 Aper.
1035 2916 1066 2980 5.
1086 2915 1116 2979 5.

88 3003 136 3065 ali.
154 3006 207 3081 4ο.
714 3003 1212 3070 liccevenioaieutlurtlleatus

126 3089 258 3170 Videte,
281 3093 432 3184 vigilate,
455 3109 488 3162 ot
511 3110 625 3164 uate:
670 3093 725 3180 qui
746 3089 852 3184 vigilat
871 3143 880 3169 .
904 3105 941 3158 u
956 3091 1095 3159 custodit
1115 3093 1212 3156 vesti-

89 3180 208 3246 nescitis
231 3183 320 3248 enim
349 3184 476 3270 quando
502 3197 628 3275 tempus
670 3193 777 3247 menta
790 3181 1034 3257 sua,nenudus
1050 3179 1211 3256 ambulet,

89 3265 134 3330 sit.
151 3268 256 3337 Maro.
281 3272 334 3336 15.
350 3271 405 3338 55.
670 3281 702 3333 et
721 3270 850 3335 rideant
872 3268 1102 3358 turpitudinem
1127 3269 1208 3356 ojus.

130 3357 168 3420 tt
191 3381 246 3426 ros
268 3371 375 3426 estote
395 3362 526 3449 parati,
554 3364 627 3453 quia
668 3356 759 3424 tttd.
784 3360 833 3425 16.
854 3361 902 3423 15.

98 3443 233 3524 ‘immi
245 3471 310 3515 ¹1⁰ss
323 3451 446 3538 putatis
457 3449 556 3517 Flllffi
568 3453 628 3517 ¹1⁰·
670 3488 872 3536 tnrnnstras.
897 3468 984 3534 Vide
1007 3488 1209 3536 ramentum.

99 3528 304 3604 minisreniet.
328 3536 410 3604 Late.
434 3561 484 3606 12.
501 3543 554 3619 4ο.

143 3615 289 3691 Attendite
319 3639 430 3692 aurem
452 3629 565 3705 vohis,
586 3651 628 3694 „0
692 3630 880 3676 maortrro
900 3632 943 3673 rr
964 3627 1083 3673 nonnus
1109 3630 1191 3674 surr

96 3701 205 3794 forti,
241 3727 352 3779 rentur
367 3715 466 3781 eorda
479 3717 627 3785 vestrnin
810 3719 899 3764 ’EM
922 3715 1069 3762 ”⁶⁶ssss

93 3730 269 3896 crqtulrlaet
288 3805 467 3881 ebrietate,
488 3817 520 3870 et
543 3807 628 3872 euris
714 3805 876 3872 Gunotum
889 3805 1095 3892 languorem,
1116 3824 1213 3890 quem

90 3879 188 3968 hujus
209 3885 289 3962 ritae3
313 3905 346 3957 et
367 3895 572 3982 superveniet
593 3894 626 3960 in
658 3897 759 3984 *posui
772 3895 805 3963 in
817 3892 1212 3985 AEgypto,uoniudueam

89 3993 143 4035 ros
170 3978 329 4064 repentina
350 3983 420 4052 dies
443 3981 506 4049 illa.
532 3983 621 4050 ibid.
669 3995 807 4072 superte
825 3983 1007 4070 :egoenim
1019 4003 1090 4044 sam
1106 3980 1213 4045 Domi-

89 4081 139 4128 tr.
159 4061 211 4144 54·
435 4139 439 4146 ,
668 4087 863 4142 nuasanotor
874 4068 1079 4138 tunals'xed.
1096 4069 1144 4133 15.
1157 4066 1214 4133 96.
