2884 4725
107 524 110 529 ¹
140 540 248 597 Omnia
259 532 480 621 queclaudunl
492 550 608 595 sacrata
619 536 770 600 rdumtrn
782 537 875 619 legio,

216 631 319 689 Turba
335 630 560 712 Prophetarum
575 674 583 703 ‚
597 648 663 711 qua
681 650 766 694 sacra
779 633 1021 715 cumquodeus·

143 720 203 781 Sed
212 726 283 807 quin
296 744 353 781 nos
363 742 461 781 rerum
471 722 600 783 nimium
612 704 798 805 nimiuinque
809 723 942 788 retardet

221 817 317 899 Copia
328 862 337 891 ,
350 829 423 875 tuuc
436 814 536 873 relert
551 813 666 878 ordinis
678 836 741 880 etse
754 815 841 877 mam.

142 906 227 969 lianc
238 912 291 991 qui
308 910 368 968 rite
381 921 482 979 tenet,
498 924 601 989 magns
611 928 640 969 se
651 906 738 989 fruge
748 907 869 985 beabit,

226 1002 344 1063 Sentiet
354 1014 386 1061 et
397 998 492 1059 studii
506 1001 624 1081 praemia
635 1013 718 1061 certa
731 1002 780 1061 sui
786 1027 797 1077 5

145 1095 265 1155 Etcum
277 1096 314 1157 sit
326 1097 418 1155 series
431 1111 530 1153 rerunt
542 1091 695 1155 laudanda
706 1095 833 1176 probata
843 1143 854 1171 ,

225 1186 367 1247 Officium
382 1186 521 1247 Auctoris
536 1186 661 1247 consule
677 1232 685 1263 ‚
701 1207 803 1269 quasa
815 1230 825 1262 ‚
836 1190 928 1256 boni:

143 1280 279 1341 Plurima
287 1302 357 1341 nam
370 1282 474 1361 paucis
487 1276 694 1362 complectens
708 1281 816 1343 ordine
824 1281 937 1365 pleno,

225 1373 482 1454 Ostenditcapitis
491 1372 694 1456 versiculique
704 1388 791 1435 notas
802 1400 809 1433 z

144 1467 232 1529 Adde
241 1468 327 1551 quod
339 1479 370 1529 et
383 1488 502 1527 sensum
516 1469 646 1527 breviter
658 1468 812 1539 subnectit
825 1483 961 1551 apertum
974 1516 982 1547 ,

224 1560 270 1621 Ne
283 1563 412 1622 subeant
421 1576 550 1621 mentem
563 1561 649 1621 taedia
660 1559 750 1640 longa
765 1576 854 1620 tuam.

142 1656 288 1735 Denique
301 1652 452 1737 quidquid
463 1654 560 1712 hebet
572 1652 676 1713 Divini
686 1657 795 1735 pagina
803 1654 888 1713 rcrbi
900 1698 909 1729 ,

225 1747 349 1829 Exiguo
359 1759 411 1805 aut
419 1744 506 1805 nullo
516 1746 674 1829 hincpene
682 1746 788 1808 labore
797 1762 883 1829 petes
897 1773 903 1805 :

143 1844 216 1901 Sive
233 1860 358 1901 monere
371 1838 452 1898 voles
468 1882 477 1914 ‚
492 1840 555 1899 sire
566 1840 755 1922 increpuisse
766 1841 916 1920 jacentem

227 1936 262 1993 ln
275 1934 357 1993 vitiis
369 1931 521 2014 aliquem,
537 1954 629 2015 quem
646 1932 742 1992 malam
754 1954 838 1993 error
850 1934 963 2012 habet,
1070 1959 1076 1973 ·

144 2035 205 2091 Seu
216 2031 298 2111 juvat
307 2027 476 2089 immodicis
486 2024 662 2107 languentia
672 2042 796 2109 pectora
805 2030 884 2086 curis

225 2122 347 2205 Erigere
361 2168 369 2199 ,
381 2136 412 2181 et
425 2120 642 2181 curasfortiter
653 2121 763 2201 ejicere
777 2147 784 2179 2

148 2219 221 2277 Sive
233 2217 361 2303 aliquem
377 2216 415 2277 ad
433 2216 553 2276 rirtutis
565 2236 635 2295 opes
650 2228 681 2275 et
691 2215 812 2295 praemia
827 2214 893 2271 rita

215 2322 218 2331 ’
232 2308 355 2372 AEternae
364 2324 450 2371 certo
463 2304 547 2389 cogis
559 2307 642 2369 adire
652 2306 750 2392 pede:

5 2429 32 2455 κ
152 2403 292 2486 Denique
303 2403 452 2486 quidquid
465 2407 524 2462 erit
537 2401 620 2486 quod
642 2423 773 2484 praesens
785 2399 922 2483 postulat
932 2419 1024 2470 usus,

236 2497 294 2556 Seu
302 2498 346 2556 vis
358 2497 462 2570 solari,
480 2499 543 2556 sive
554 2495 665 2556 docere
677 2497 773 2555 virum
786 2521 796 2569 ς

149 2589 237 2648 Hinc
249 2607 355 2669 posces
367 2603 616 2670 ,promptumque
627 2586 703 2649 seres
718 2585 935 2671 quodcumque
945 2586 1075 2667 requirit
1088 2632 1096 2659 ,

234 2683 298 2744 Seu
312 2703 358 2742 res
369 2679 508 2756 alterius,
520 2702 574 2759 scu
586 2681 757 2765 peragenda
767 2687 819 2742 tua
829 2695 886 2742 est.

148 2777 251 2837 Verba
265 2777 321 2838 siti
332 2778 363 2836 in
372 2773 480 2858 populi
494 2777 518 2834 si
528 2792 600 2836 sunt
614 2774 754 2836 iacienda
767 2778 878 2834 coronl
892 2818 902 2848 ‚

229 2873 372 2932 Materies
385 2871 457 2930 hinc
472 2887 517 2930 est
530 2886 598 2953 apta
613 2871 716 2931 lutura
726 2871 793 2928 tibi.

148 2965 298 3028 Confessc
313 2969 369 3026 rite
380 2963 504 3026 lethalia
516 2964 639 3024 uulnera
653 2961 754 3025 cordis

229 3061 412 3122 Praeseutem
426 3062 450 3118 si
464 3062 504 3118 sis
522 3055 600 3118 serre
615 3074 738 3118 coactus
751 3047 861 3139 opem,

36 3147 39 3152 ’
148 3156 210 3214 Seu
218 3154 275 3213 tibi
283 3153 371 3213 miles
382 3154 441 3212 erit
450 3149 542 3211 duros
552 3148 711 3212 armandus
720 3151 752 3208 in
761 3151 865 3209 hostes
877 3193 885 3220 ,

229 3247 276 3308 Ut
286 3249 364 3307 benc
377 3266 437 3327 pro
449 3266 571 3307 cantart
581 3243 682 3327 praelia
697 3241 788 3303 laude
797 3253 900 3322 gerat,

150 3341 260 3400 Urnis
274 3354 310 3400 ut
322 3336 472 3412 insultus,
483 3337 655 3420 mundique
676 3335 808 3396 furentis
825 3352 935 3392 amarat

114 3433 123 3446 '
229 3427 499 3493 Fortiterinsidias
512 3432 608 3490 Marte
617 3443 744 3510 potente
753 3427 872 3499 domet,

149 3523 290 3588 Crudelis
300 3527 412 3595 Satan,
426 3524 523 3584 divini
539 3525 671 3583 nominis
682 3523 802 3598 hostis,

235 3621 376 3680 Proterat
387 3633 422 3678 ut
433 3615 538 3679 valido
552 3617 650 3699 turpis
662 3618 747 3700 signa
758 3615 855 3700 pede:
1001 3654 1004 3661 ·

160 3711 241 3770 llinc
253 3707 382 3790 gladios,
396 3713 557 3793 hastaeque
570 3725 672 3794 petes,
685 3709 874 3794 clypeosque
888 3705 1011 3775 fideles,

239 3801 345 3876 Qualia
357 3807 441 3886 signa
451 3806 510 3865 Dei
522 3803 612 3864 turba
625 3802 781 3888 sequenda
793 3803 883 3886 gerit:

135 3897 272 3968 ,0111131
283 3899 445 3978 prestabit,
460 3899 572 3982 quibus
588 3919 737 3958 exornare
751 3892 896 3956 secundas

237 3987 299 4050 Res
309 4005 406 4070 potes,
420 3990 559 4052 adversas
570 3991 725 4072 intrepide
735 3990 889 4069 excipere.

154 4085 189 4143 st
204 4097 257 4142 tua
268 4081 407 4144 inserunt
419 4083 532 4144 sonesti
546 4081 638 4144 corda
649 4081 799 4156 latrones,

235 4177 269 4239 Si
285 4179 338 4238 rix
352 4176 516 4238 curandum
530 4189 652 4258 pectora
663 4173 775 4237 vulnus
787 4171 919 4239 habent,
