2884 4725
151 264 157 277 '
290 292 375 361 uuo
854 283 939 355 auo
1147 281 1225 359 ts.

110 410 230 497 Deiecit
253 419 357 474 castra
384 403 609 555 assyriorum,
694 410 734 473 Et
760 401 865 470 audivi
889 418 999 463 vocem
1023 394 1082 458 viri
1108 394 1192 457 inter

71 512 99 562 ot
112 497 261 563 contrivit
273 494 345 561 illos
354 493 444 581 ringo
457 515 494 557 us
503 490 610 557 Domi·
642 496 721 581 'Ulat
735 518 743 559 :
761 505 794 557 et
808 486 975 559 clamavit,
992 494 1024 547 ot
1039 482 1083 546 ait
1097 504 1106 545 ε
1125 480 1192 545 Ga-

69 587 107 651 oi.
125 585 229 650 Eccli.
249 586 306 663 48.
328 585 379 661 94.
650 582 750 663 briel,
774 582 824 646 tao
844 573 1019 661 intelligere
1035 570 1127 635 istam
1143 569 1191 632 vi-

107 675 146 737 Et
171 672 292 738 votavit
319 670 359 735 ad
383 690 435 735 me
459 691 541 733 unus
567 668 609 732 de
650 657 1189 743 sionem:Etrurinetstotitjuxta,

67 760 250 848 Seraphim,
268 759 453 825 etiumanu
466 758 535 843 ojus
547 754 610 821 cal-
650 746 1082 844 uhiegostabom,etc.1bid.
1093 749 1123 810 8.
1139 746 1188 808 ι6.

66 848 172 925 culus,
211 858 287 914 uem
305 846 426 935 forcipe
438 844 555 911 tulerat
569 844 610 910 de
695 846 811 914 Adhuc
828 864 882 907 me
901 838 1050 923 loquente
1064 832 1097 899 in
1118 857 1193 897 ora-

66 937 165 1003 altari.
182 873 252 1003 iao.
272 938 307 1001 6.
327 936 358 1000 6.
651 939 758 1011 tione,
773 954 852 999 ecoe
865 929 913 994 vir
930 922 1079 997 Gabriel,
1097 944 1193 1008 quem

109 1026 174 1101 lle,
190 1025 239 1090 An
262 1024 308 1091 eli
324 1021 467 1096 veloces,
481 1019 522 1085 fid
537 1042 611 1107 gen·
651 1026 794 1091 videram
805 1021 837 1085 iu
849 1017 969 1084 visione
983 1010 1192 1101 bpriocipio,

66 1127 128 1178 rem
142 1048 398 1187 convulsm‚et
406 1108 610 1175 dilaceratam
651 1115 715 1181 cito
734 1109 844 1178 volans
866 1104 969 1191 tetigit
988 1124 1041 1167 ma
1061 1100 1093 1164 in
1109 1111 1192 1163 tem-

66 1214 125 1268 etc.
140 1200 234 1268 lttu.
260 1204 313 1266 18.
334 1222 363 1265 ι.
408 1276 411 1285 Δ
449 1200 452 1207 ’
651 1224 730 1291 pore
750 1194 896 1265 sacrificii
916 1188 1106 1280 vespertini,
1126 1198 1188 1251 eto.

107 1291 133 1356 lt
152 1312 232 1357 voco
249 1287 368 1375 Angeli
388 1286 538 1373 sugerunt
558 1306 612 1373 po
650 1289 742 1357 ltid.
760 1311 793 1372 9.
810 1306 860 1349 ιι.

67 1377 223 1467 puli,eto.
245 1376 342 1444 luto.
361 1376 414 1440 55.
434 1375 464 1439 5.
696 1378 738 1442 Et
763 1360 863 1441 levavi
888 1368 998 1437 oculos
1028 1388 1133 1438 meos,
1161 1372 1194 1427 et

107 1465 222 1556 lngett
238 1464 333 1555 pacit
349 1468 456 1529 amati
475 1460 609 1528 flebunt·
652 1466 716 1532 vidi
736 1487 744 1531 :
762 1475 794 1529 et
810 1482 887 1527 ecco
901 1458 951 1523 vir
966 1478 1051 1524 uuus,
1062 1451 1194 1517 vestitus

69 1552 150 1619 Ibid.
167 1580 203 1621 u.
225 1578 262 1641 7.
654 1553 761 1629 lineis,
786 1563 819 1616 et
842 1570 933 1613 renes
963 1544 1033 1630 ejus
1059 1539 1195 1606 accincti

110 1646 266 1733 Egressus
282 1652 450 1707 astantem
474 1637 613 1725 Angelus
654 1664 732 1707 auro
762 1640 898 1705 chiso:
927 1645 960 1699 et
989 1652 1105 1717 corpus
1125 1626 1196 1713 ejus

71 1730 208 1807 Domini,
227 1743 265 1797 et
280 1730 438 1819 percussit
453 1727 486 1791 in
501 1727 613 1791 castris
653 1729 744 1819 quusi
759 1723 992 1815 chrysolithus,
1016 1730 1078 1784 etc.
1101 1716 1123 1781 1
1125 1714 1192 1778 tid.

74 1818 273 1909 Assyriorum
296 1829 428 1883 centum
451 1816 613 1969 ootoffinta
659 1843 708 1885 ιο.
729 1819 760 1883 5.
781 1816 812 1879 V
813 1814 867 1880 tota
881 1826 912 1878 ct
924 1836 958 1877 o.
978 1832 1028 1874 ιο.
1043 1820 1075 1872 ct
1094 1806 1143 1871 16.

74 1909 208 1995 quinque
229 1905 332 1974 millio
348 1906 501 1972 virorum.
543 1902 611 1969 biti.
700 1907 737 1971 ln
757 1917 901 1992 tempore
916 1910 1025 1965 autem
1041 1893 1097 1960 illo
1115 1894 1199 1959 oon·⁴

76 1996 126 2081 57·
143 1998 195 2063 56·
531 2072 535 2081 ,
656 2006 764 2083 surgat
786 1988 921 2059 Michael
943 1988 1095 2071 Princeps
1125 2004 1198 2047 ma-

121 2083 256 2149 inomni
275 2082 483 2150 tribulatione
504 2102 615 2145 eorum
656 2107 755 2175 gnus,
771 2082 903 2170 quistet
924 2100 984 2166 pro
999 2073 1072 2139 filiis
1087 2066 1197 2223 9099Ιί

83 2192 147 2234 non
160 2183 206 2237 ast
218 2171 382 2238 tribulatus
401 2195 409 2236 ε
428 2182 461 2235 et
477 2168 616 2257 Angelus
656 2174 720 2250 tui,
737 2182 770 2236 ct
784 2169 1092 2253 veniettempuaqua
1106 2179 1197 2223 enon

88 2257 178 2321 facici
201 2259 268 2341 eius
289 2260 415 2326 salvavit
446 2282 501 2326 eos
520 2282 528 2322 :
550 2268 613 2322 eto.
657 2261 715 2327 suit
734 2261 774 2325 ab
791 2282 848 2333 eo,
865 2279 904 2321 ex
920 2276 984 2341 quo
1003 2260 1113 2337 gentes
1129 2267 1199 2329 essa

81 2342 175 2411 Ῑῦἶά·
192 2344 244 2410 55·
263 2370 293 2433 9·
656 2359 823 2439 coeperunt
841 2339 999 2430 usquead
1016 2349 1141 2423 tempus
1158 2332 1196 2399 il·

127 2431 272 2522 Angelus
291 2437 372 2502 enim
394 2460 484 2504 mous
507 2436 616 2503 vobis·
658 2439 723 2506 lud.
738 2436 830 2505 Ibat.
850 2456 898 2498 ra.
922 2454 949 2495 1.

81 2545 158 2588 cum
176 2533 249 2588 ost:
268 2521 331 2610 ipse
347 2525 616 2613 autemexquirom
702 2529 786 2592 Ecce
797 2523 884 2588 enim
896 2515 1034 2606 Angelus
1049 2510 1126 2585 Dei,
1143 2531 1198 2574 ⁸0·

80 2613 204 2678 animas
216 2623 347 2677 vestras.
364 2612 492 2678 Barucb
507 2615 539 2678 6.
559 2614 590 2678 6.
658 2620 751 2704 oeptti
767 2609 922 2678 sententia
941 2607 981 2672 ab
1001 2627 1060 2679 co,
1076 2597 1200 2666 scindet

121 2699 265 2790 Angelus
280 2712 385 2766 eutem
403 2701 528 2767 Domini
543 2701 618 2766 des·
658 2702 854 2770 temedium.
873 2698 962 2764 Dan.
987 2693 1036 2757 ι5.
1056 2692 1109 2756 55.

79 2788 182 2854 cendit
215 2811 291 2855 cum
320 2789 431 2855 Auarici
461 2802 494 2855 et
524 2789 616 2854 sociis
702 2791 809 2856 Manet
819 2787 905 2852 enim
921 2779 1060 2870 unguas
1070 2775 1200 2844 Domini

80 2877 143 2963 ojus
165 2878 198 2942 iu
224 2877 408 2954 fornacem,
428 2891 460 2943 et
481 2876 618 2943 excussit
658 2878 797 2968 gladium
824 2875 966 2948 habena,
992 2883 1027 2935 ut
1054 2877 1141 2933 secet
1168 2875 1201 2928 te

80 2964 233 3032 {lammam
257 2967 339 3055 ignis
360 2965 400 3032 de
417 2966 568 3040 fornace,
584 2976 616 3029 et
658 2967 824 3041 medium,
856 2975 890 3028 et
926 2956 1097 3027 interliciat
1132 2976 1196 3018 vos.

83 3053 151 3116 lecit
173 3053 316 3120 medium
338 3054 501 3131 fornacis,
529 3053 622 3142 quasi
657 3058 678 3123 1
681 3056 747 3122 tiu.
762 3080 796 3120 v.
816 3055 869 3141 59.

86 3152 201 3208 tentum
223 3145 307 3210 roris
327 3142 478 3218 llantcm,
501 3155 533 3206 ot
553 3165 617 3206 non
655 3153 658 3160 ’
701 3143 851 3230 Dixitque
873 3136 1012 3223 Angelus
1033 3133 1073 3198 ud
1096 3130 1223 3207 liobe·¹

87 3229 175 3316 tetigit
190 3231 387 3298 eosomninb
402 3231 482 3320 ignis
493 3281 502 3306 ,
515 3253 618 3317 neque
658 3256 718 3299 cuo
737 3256 745 3297 ι
762 3231 826 3296 Fer
841 3227 1027 3316 prandium,
1040 3220 1126 3309 quod
1141 3219 1201 3282 ha-

93 3319 289 3396 contristevit,
317 3343 424 3408 neque
447 3319 618 3407 quidquam
658 3323 732 3397 bos,
761 3321 798 3386 iu
828 3315 1027 3404 Babylonem
1056 3305 1199 3380 Danieli,

80 3400 225 3504 ,motato
245 3407 367 3476 intulit.
392 3408 482 3474 Dan.
508 3409 539 3472 5.
562 3409 616 3494 lu.
658 3411 711 3498 qui
732 3420 779 3475 est
800 3409 833 3473 in
855 3405 926 3472 lacu
947 3402 1088 3467 leonum.
1107 3394 1198 3460 toto.

92 3487 248 3560 Μαι.
265 3500 322 3562 58.
337 3511 370 3562 et
386 3497 439 3582 59.
664 3502 711 3578 ιι.
739 3499 791 3563 55.
816 3495 902 3558 Vitta
916 3506 947 3556 et
967 3515 1002 3555 υ.
1022 3489 1074 3550 55.
1093 3498 1123 3549 et
1146 3483 1200 3546 58.

133 3575 213 3645 Deos
232 3607 317 3651 meus
347 3585 436 3649 misit
462 3583 619 3672 Angelum
658 3588 716 3653 Sic
746 3586 849 3651 etium
883 3578 1008 3668 Aegeu
1033 3576 1140 3638 mutto
1173 3584 1210 3632 ct-

87 3673 622 3747 s1¹¹¹¹1¹‚etconclusitorulaonum,
659 3697 784 3764 magna
794 3663 1203 3762 mycteriuDuuiolircoc-

86 3766 119 3818 et
142 3776 206 3819 non
226 3774 398 3828 nocuerunt
420 3761 498 3826 mihi
520 3761 619 3848 :quia
660 3765 823 3829 tuomum.
848 3759 879 3823 V
880 3758 935 3822 ido
954 3778 1024 3841 cop.
1044 3773 1075 3838 9.
1100 3762 1130 3812 ct
1150 3767 1210 3809 ιο..

85 3849 195 3908 corum
211 3866 248 3909 eo
261 3848 377 3934 justitie
387 3851 515 3916 inventa
529 3862 576 3914 ost
588 3849 619 3914 in
659 3867 689 3917 ct
709 3875 758 3916 ιι.

86 3955 153 4005 me;
169 3932 223 3998 sed
235 3947 266 3998 et
280 3945 385 4004 cortem
404 3949 456 4014 to,
476 3961 549 4011 rex,
564 3937 621 4002 de·
705 3942 744 4004 Et
752 3940 784 4004 in
793 3933 977 4003 fortitudine
994 3931 1049 3993 suti
1062 3924 1210 3988 direct-¹¹⁹

86 4017 190 4090 lictum
209 4046 273 4092 uon
288 4028 359 4094 ieci.
378 4025 471 4094 Ibit.
492 4028 524 4091 6.
546 4047 595 4090 ιι.
607 4093 624 4124 ⁸
661 4005 1209 4108 cucumtngotuctc.ommno»
