2884 4725
282 273 349 364 boo
547 274 629 348 GEN
906 290 908 294 '
1088 269 1159 350 Gtttt

286 399 385 466 robur
425 417 560 470 meum,
601 405 633 458 et
670 394 827 482 refugium
910 395 989 482 Dico
1006 396 1110 472 vobis,
1129 397 1196 483 quod
1215 398 1316 464 nuitiab
1363 440 1366 474 1

285 509 394 556 meum
414 485 446 548 in
463 483 513 550 die
531 481 742 548 tribulationis
761 507 769 546 :
788 483 828 548 ad
869 484 999 551 Oriente
1022 497 1055 548 et
1067 485 1213 551 Occidente
1225 490 1318 563 venien,
1364 530 1366 537 ·

285 588 318 640 te
340 585 449 664 gentes
471 572 598 637 venient
618 571 657 636 ab
679 571 828 636 extremis
867 586 900 638 et
920 574 1104 639 recumbent
1122 597 1183 638 cun
1200 575 1319 649 bbrrbsn,
1364 617 1366 649 ;

284 667 397 739 terrae,
414 674 447 726 et
470 661 577 726 dicent
602 683 610 724 ε
634 657 718 726 Vere
735 683 828 725 men·
867 674 900 726 et
921 663 1032 737 isene,
1058 676 1088 727 et
1111 662 1194 728 Jacob
1219 665 1244 727 in
1262 687 1321 748 regno
1364 698 1365 701 ¹

285 749 743 838 deciumpossederuntputres
757 768 829 814 nos·
866 749 1032 816 coelorum.
1051 751 1133 816 ltin.
1150 753 1175 815 8.
1196 769 1234 814 ιι.

284 841 351 917 tri,
382 839 577 914 vanitatem,
604 861 674 925 quae
695 837 741 903 eis
763 854 828 903 non
910 839 992 906 Dico
1007 840 1323 928 vobis,quiaauierotut
1361 879 1366 914 :

283 927 693 1018 profuit.10mn.16.19.2
867 928 956 994 vobis
979 952 1110 1017 regnum
1125 929 1190 1004 Dei,
1206 940 1232 992 et
1246 926 1324 990 babitu
1364 972 1366 1001 ι

330 1019 370 1082 Et
387 1015 491 1082 dicam
510 1038 575 1080 non
590 1013 709 1104 populo
725 1024 798 1079 nico
816 1026 824 1079 ὲ
867 1017 952 1105 genti
970 1017 1096 1084 facienti
1110 1017 1213 1083 fructus
1227 1016 1282 1102 ejus
1294 1015 1322 1078 tt.
1363 1054 1366 1091 2

284 1103 423 1194 Populus
449 1127 539 1170 meus
566 1125 600 1168 es
621 1117 657 1170 tn
677 1126 685 1168 :
708 1103 827 1192 etipse
869 1107 991 1184 nnlffbt
1364 1119 1366 1145 ³

284 1194 369 1259 dicet
389 1192 498 1258 :Deus
513 1215 603 1258 meus
614 1215 648 1258 es
661 1205 705 1257 tu.
723 1194 823 1258 Oteoet
912 1192 961 1258 lte
987 1199 1063 1282 ergo
1086 1192 1124 1258 ad
1140 1192 1224 1258 exitus
1238 1192 1325 1260 nanu,
1364 1259 1366 1264 ,

287 1305 317 1348 ιι.
330 1284 382 1361 24.
579 1357 582 1360 ¹
867 1293 900 1346 et
916 1303 1120 1371 quoscunque
1134 1281 1287 1354 inveneritis,
1296 1303 1326 1342 ιιι

336 1367 504 1436 Effundam
540 1367 685 1457 spiritum
719 1392 826 1434 meum
868 1383 938 1436 cete
965 1371 1007 1435 ad
1029 1372 1156 1461 nuptias.
1172 1368 1244 1435 ibid„
1262 1391 1294 1431 ιι.
1309 1391 1325 1450 q.
1364 1432 1366 1439 ,

283 1482 378 1547 super
389 1481 517 1523 omnem
534 1459 663 1524 carnem
682 1481 689 1522 :
707 1469 823 1545 etp'ro·
910 1459 952 1523 Et
963 1459 1041 1524 elias
1053 1459 1327 1544 ovesbsbeo,queru
1364 1504 1365 1511 .

282 1548 461 1636 photnbunt
483 1544 539 1611 filii
562 1547 677 1622 vestri,
696 1551 733 1611 'et
753 1546 825 1612 fitiae
867 1559 941 1612 sunt
955 1572 996 1613 ex
1007 1549 1069 1614 boc
1081 1547 1148 1614 ovili
1161 1572 1168 1612 :
1180 1544 1328 1630 etillrsopor

282 1649 393 1703 vestrae
423 1659 431 1700 :
460 1658 550 1700 senes
581 1635 675 1701 vestri
702 1635 824 1700 somnia
868 1637 1328 1714 tetmendducere,etvoeemnen

282 1725 508 1799 somniabunt,
527 1735 559 1789 et
576 1723 707 1811 juvenes
728 1724 826 1789 vestri
867 1725 1000 1790 audient
1022 1777 1031 1802 ,
1057 1738 1089 1791 et
1119 1725 1169 1792 fiet
1189 1747 1265 1788 unum
1283 1717 1327 1784 orie

282 1815 418 1880 'visiones
434 1812 596 1876 videbunt.
614 1812 698 1877 Joot.
716 1833 745 1876 2.
768 1814 820 1876 28.
866 1826 898 1878 et
910 1836 993 1878 unus
1014 1828 1127 1902 pastor.
1147 1815 1230 1880 loon
1252 1834 1285 1876 ιο.
1301 1808 1326 1870 ti

326 1903 367 1968 Et
381 1901 598 1990 properabunt
615 1911 725 1988 gentes
740 1898 824 1964 mul·
911 1901 1051 1991 Angelus
1064 1917 1163 1969 nutem
1173 1899 1272 1967 Domini
1278 1896 1327 1960 iocu-

282 1995 339 2068 tae,
356 2002 389 2056 et
405 1989 511 2054 dicent
534 2011 542 2053 ι
566 1988 699 2063 Venite,
717 2010 824 2054 nscen-
867 2001 917 2054 tus
937 2004 986 2057 est
1002 1993 1044 2057 nd
1059 1987 1327 2081 Philippumiicru:
1364 2048 1365 2071 ξ

256 2077 394 2144 ‘damus
410 2077 451 2142 ad
469 2089 611 2142 montem
626 2072 775 2154 Domini,
791 2090 824 2144 et
866 2077 988 2169 Surge,
1007 2094 1041 2147 et
1052 2082 1129 2149 vnde
1139 2091 1234 2147 contra
1242 2073 1330 2141 menn
1364 2076 1366 2123 t

283 2169 323 2234 nd
339 2167 469 2232 domum
489 2165 546 2230 Dei
563 2164 663 2230 Jacob
686 2189 694 2230 ι
716 2177 748 2229 et
764 2165 823 2232 do-
864 2191 962 2244 num,
984 2170 1027 2234 nd
1050 2171 1131 2237 viam
1150 2191 1210 2258 que
1227 2159 1330 2231 deseendit
1364 2222 1366 2237 .

281 2256 368 2323 eebit
383 2279 439 2319 nos
449 2251 552 2319 deviis
564 2253 640 2330 suis,
660 2263 693 2319 et
708 2253 823 2321 ibimus
865 2256 905 2320 ob
929 2255 1109 2324 Jerusalem
1129 2259 1159 2324 in
1180 2250 1329 2327 Gazmhu
1364 2248 1366 2319 i

282 2346 314 2412 in
323 2343 442 2411 semitis
451 2343 538 2433 ejus,
555 2355 616 2409 etc.
626 2343 665 2410 M
667 2341 728 2408 ioh.
739 2347 771 2424 4.
789 2366 818 2409 n.
864 2357 912 2411 ost
927 2345 1070 2425 deserta,
1083 2362 1144 2416 etc.
1161 2348 1251 2414 Actor.
1264 2344 1284 2406 b
1298 2335 1326 2400 ti·
1364 2342 1365 2420 i

327 2434 409 2515 Quin
439 2445 516 2498 tunc
542 2432 672 2498 reddum
699 2431 823 2521 populis
906 2430 1326 2528 JmsnAngotiacmsttm
1364 2433 1365 2520 ι

280 2518 400 2589 labium
427 2520 587 2597 electum,
617 2532 652 2585 ut
674 2521 823 2587 invocent
864 2522 928 2589 iius
939 2518 1329 2605 centurionumque
1364 2539 1365 2548 ’

279 2609 822 2684 omnesinnomineDomini,etser-
864 2611 959 2677 lintei
990 2615 1153 2680 visionem
1183 2608 1331 2677 umbo,

279 2696 732 2787 vianteihumerouno.Sopb.
750 2700 816 2788 5.9.
862 2715 971 2788 gentes
980 2703 1028 2766 od
1046 2690 1331 2794 Evangottmadu't·
1364 2737 1365 2762 ι

302 2787 821 2877 Etnpplioubnnturgentesmuitoe
863 2787 1327 2866 undesesteventmtitueco·

174 2940 179 2953 ,
277 2878 319 2941 ed
344 2876 516 2957 Dominum
543 2877 575 2941 in
603 2876 654 2941 die
680 2873 761 2947 itte.
789 2888 821 2942 et
861 2876 950 2942 ibid.
970 2902 998 2944 c.
1023 2902 1073 2945 ιο.

276 2977 372 3029 erunt
382 2964 460 3029 'mihi
477 2966 509 3029 in
527 2963 701 3054 populum,
723 2978 754 3030 et
766 2964 821 3030 ba·
905 2966 1033 3033 Etenim
1045 2970 1079 3035 in
1099 2964 1335 3057 unospttuounn

276 3054 386 3120 bitebo
406 3054 438 3119 in
457 3053 562 3120 medio
588 3062 662 3118 tut:
685 3064 717 3117 et
741 3055 820 3121 scies
861 3075 919 3119 nos
939 3056 970 3119 in
996 3080 1098 3123 unum
1121 3045 1335 3161 oorpusbaptinu
1364 3061 1365 3132 ι

274 3144 349 3231 quin
365 3142 518 3207 Dominus
539 3142 734 3207 exercituum
756 3143 821 3209 ¹mi·
861 3134 1336 3221 sumus,siveJudae1,sireGeutt

275 3232 372 3297 sitme
380 3230 468 3297 ndte.
478 3229 579 3295 Zaeb.
592 3252 621 3294 n.
635 3252 683 3294 tt.
696 3230 729 3291 V
729 3231 815 3297 ideo.
861 3230 923 3309 ies,
940 3234 1005 3298 sive
1023 3237 1128 3311 servi,
1146 3236 1205 3300 sive
1220 3226 1338 3324 libeu'jti
1364 3275 1365 3312 3

274 3322 307 3383 8.
321 3342 372 3383 oo.
860 3342 971 3386 omnes
986 3322 1019 3386 in
1031 3347 1098 3389 uno
1110 3324 1221 3413 Spiritu
1230 3324 1338 3409 potator
1364 3331 1365 3352 ¹

320 3402 359 3469 nt
370 3406 519 3493 loquetur
532 3420 644 3495 putem
656 3406 816 3493 gentibus,
859 3431 941 3475 mus.
962 3433 973 3473 ι
996 3410 1072 3476 Cor.
1098 3436 1147 3477 tn.
1170 3412 1213 3475 15.
1364 3403 1365 3418 ¹

272 3503 306 3559 et
328 3504 466 3583 potestus
483 3495 583 3581 ejusb
611 3496 691 3560 meri
716 3502 817 3584 usque

273 3583 313 3648 ed
326 3605 432 3658 maro,
446 3594 477 3646 et
488 3589 506 3647 b
519 3583 704 3649 fluminibus
717 3592 816 3674 usque

273 3674 314 3738 ed
330 3672 409 3737 fines
420 3683 522 3736 terrae.
538 3671 559 3737 1
562 3670 627 3735 bid.
641 3697 671 3761 9.
696 3697 745 3740 ιο.

320 3760 378 3827 Ubi
401 3772 470 3835 est,
492 3760 656 3848 quinctus
679 3755 727 3827 est
748 3762 816 3829 Rex
902 3766 996 3835 June
1019 3770 1267 3838 consuetudinem
1284 3774 1365 3825 tem,

271 3850 481 3917 tresorum?
494 3848 627 3915 vidimus
640 3850 725 3915 enim
744 3850 815 3915 stol·
857 3855 1003 3947 AEgypti,
1017 3860 1050 3925 in
1065 3868 1126 3950 qne
1138 3855 1295 3927 habimus,
1305 3864 1345 3912 not

271 3940 335 4006 iam
355 3942 423 4029 rjus
439 3940 470 4005 in
495 3938 646 4013 Oriente,
670 3952 702 4004 et
725 3942 815 4005 voni·
856 3946 996 4024 facietis,
1023 3962 1055 4013 et
1079 3951 1165 4037 juxtb
1186 3965 1291 4013 morem
1312 3956 1345 3997 [ὑ

270 4050 341 4095 mus
355 4030 578 4097 adornrceum.
590 4026 711 4098 Matre.
732 4052 760 4096 n.
779 4056 808 4097 ι.
855 4035 956 4120 gionis
972 4036 1142 4113 Chamon,
1162 4037 1292 4123 adquam
1306 4042 1345 4105 1¹8⁰

890 3566 1063 3610 unientem!
1086 3569 1181 3613 UORBS
1199 3562 1252 3611 boii
1268 3553 1323 3603 §Dis
1364 3563 1365 3568 ’

993 3656 1082 3700 nome
1106 3654 1252 3703 turtum.
