2884 4725
233 295 299 362 580
499 291 567 360 rit
1049 287 1121 363 m

279 407 377 474 Laotn
401 404 523 483 filium,
551 407 584 472 et
605 417 774 496 paventem
816 405 1038 472 tiaestmatris
1053 429 1127 473 suae.
1137 408 1236 474 Pron.
1250 430 1307 476 ro.
1330 434 1358 484 ι.

172 545 176 558 .
236 507 270 562 te
283 495 378 562 saciet
391 518 400 560 a
414 493 488 560 iudo
499 517 643 571 comeo,
657 507 688 560 et
700 519 776 561 coo·
818 498 849 561 V
849 495 944 560 idc'c.
969 497 1018 560 15.
1040 519 1090 562 no.

236 583 375 654 tristabit
389 595 431 666 te
452 584 523 650 Non
538 584 700 650 corrideas
712 583 774 660 itti,
861 583 988 649 Exulat
1007 585 1124 673 gaudio
1141 596 1234 674 puter
1255 587 1334 674 justi
1351 611 1359 649 z

236 696 278 742 ne
314 670 439 748 doleas,
471 685 505 738 et
535 673 568 738 in
606 674 777 738 novissimo
818 673 872 761 qui
890 673 1065 762 sapientem
1125 675 1213 750 nuit,
1234 671 1361 740 letabi-

238 762 332 827 obstu
356 772 464 826 escent
485 761 596 826 dentes
619 761 676 846 tui=
706 762 776 828 Non
817 774 871 826 tur
887 761 920 827 in
935 784 984 826 eo.
1006 698 1362 851 Gaudeeatpatertnue

237 849 293 915 des
323 784 367 914 iili
402 847 507 938 (filio)
531 862 721 940 potestatem
743 851 777 916 in
818 863 850 916 et
871 862 974 915 mater
995 862 1070 927 tua,
1092 862 1126 917 et
1148 851 1272 917 exultet
1295 875 1363 938 que

237 938 420 1028 juventute,
443 950 476 1004 et
495 961 536 1004 ne
556 938 710 1028 despicias
726 961 779 1004 co·
818 937 1091 1029 gennitte.1bid
1112 941 1168 1014 ab.
1188 944 1241 1020 ed.
1264 942 1318 1005 25.

236 1027 353 1116 gitatus
370 1025 472 1101 illius,
487 1039 549 1095 etc.
568 1027 617 1098 lb.
635 1029 686 1094 50.
706 1043 778 1115 με
862 1027 984 1093 Rursus
1005 1027 1181 1094 detestatus
1200 1051 1275 1094 sum
1295 1053 1362 1093 orn-

235 1138 299 1202 scp.
315 1121 413 1200 usque
425 1115 472 1188 od
490 1139 538 1180 rr.
819 1139 895 1181 nem
926 1115 1113 1185 industriam
1142 1139 1274 1193 meam,
1304 1123 1360 1204 qui

157 1267 164 1281 ,
262 1201 362 1272 ,Filio
391 1215 424 1270 et
449 1203 595 1285 mulieri,
630 1203 721 1270 fratri
746 1215 778 1268 et
820 1203 1360 1284 subsoiestudiosissimelaborari,

238 1293 342 1358 amico
365 1315 429 1357 non
446 1292 501 1358 des
517 1304 705 1381 potestatem
724 1302 792 1357 su-.’
820 1293 987 1358 habiturus
1009 1293 1170 1359 baeredem
1197 1305 1278 1382 post
1298 1318 1359 1368 me,

237 1391 340 1470 perte
352 1380 384 1446 in
396 1381 459 1446 vitri
473 1386 526 1446 tud
541 1405 549 1447 r
564 1395 597 1448 et
607 1404 672 1448 non
684 1380 779 1446 dede
820 1405 916 1470 quem
942 1382 1054 1471 ignoro
1063 1433 1081 1471 ,ι
1099 1388 1212 1461 utrum
1240 1385 1361 1471 sapiens

238 1470 282 1536 ris
319 1467 372 1536 alii
404 1471 634 1560 possessionem
668 1482 777 1546 tuam,
821 1494 862 1535 nn
882 1468 997 1536 stultus
1020 1471 1145 1536 futurus
1165 1472 1228 1547 sit,
1253 1484 1289 1536 et
1310 1472 1361 1535 do

239 1581 280 1626 ne
295 1558 376 1624 sorte
390 1560 543 1647 poeniteat
558 1561 610 1636 ω’,
625 1571 656 1625 et
668 1559 780 1648 depre·
821 1559 996 1624 minabitur
1020 1560 1054 1624 in
1080 1559 1248 1625 laboribus
1274 1561 1359 1631 meis.

237 1647 319 1714 ceris
334 1671 401 1736 ,pro
424 1647 495 1714 iliis.
524 1648 613 1718 lttct
642 1649 695 1714 bb.
724 1671 775 1714 eo.
844 1648 938 1713 uibus
962 1647 1132 1725 desudavi,
1154 1661 1189 1713 et
1210 1646 1359 1714 sollicitus

240 1734 353 1802 ttetius
368 1749 417 1801 est
431 1738 534 1813 enim,
555 1749 590 1801 ut
605 1735 662 1802 filii
684 1737 780 1801 tuito
821 1672 878 1802 ibi.
893 1737 1014 1802 Eccles.
1037 1759 1065 1802 a.
1089 1740 1138 1802 18.
1163 1761 1214 1825 ¹9·

239 1838 372 1912 rogent,
397 1832 492 1912 qutm
513 1837 545 1890 te
568 1825 726 1913 respicere
747 1825 780 1890 in
867 1827 914 1890 Ex
928 1826 1044 1912 iniquis
1059 1826 1144 1890 enim
1157 1824 1358 1901 somnis‚tiiii

239 1935 352 1979 munus
364 1912 501 1979 filiorum
518 1925 657 1994 tuorum,
672 1937 706 1979 v.
725 1936 776 1978 au.
822 1915 877 2002 qui
896 1926 1090 1990 nascuntur,
1106 1927 1205 1980 testes
1220 1927 1300 1980 sunt
1314 1937 1355 1979 ne

282 2001 362 2067 Filia
391 2003 489 2090 putris
517 2001 703 2070 abscondita
733 2013 781 2066 est
823 2002 929 2090 quitioe
963 2001 1112 2067 adversus
1147 2015 1300 2092 parentes
1331 2004 1357 2068 in

239 2089 362 2180 vigilia,
380 2101 412 2155 et
428 2088 609 2156 sollicitudo
632 2091 702 2178 ejus
722 2113 776 2156 au·
824 2093 944 2157 interro
966 2092 1072 2157 atione
1088 2096 1155 2156 sod.
1175 2093 1261 2179 Sap.
1280 2095 1309 2171 4.
1327 2092 1352 2154 6.

240 2179 302 2246 fert
316 2201 482 2255 somnum,
500 2203 540 2244 ne
555 2181 636 2246 forte
652 2180 685 2244 in
702 2177 782 2244 ado-
868 2179 905 2244 ln
925 2114 998 2244 fiiiis
1014 2181 1077 2245 suis
1097 2181 1287 2269 agnoscitur
1305 2181 1353 2242 vir.

240 2265 391 2334 lescentiai
408 2273 463 2333 sud
479 2267 587 2334 aduita
605 2269 779 2343 efficiatur,
823 2268 926 2333 Eccii.
951 2291 1000 2333 rr.
1019 2270 1071 2333 50.
1120 2277 1123 2280 ’

240 2368 354 2423 etcum
362 2355 782 2435 virocommorata,odibiiis
869 2355 905 2422 ln
933 2355 996 2423 fitia
1023 2353 1088 2423 nou
1118 2370 1285 2424 avertente
1310 2380 1352 2429 se,

240 2444 296 2511 fiat
310 2445 782 2551 :nequandbpolluaturinvir-
823 2445 915 2511 firma
937 2447 1115 2526 custodiam
1137 2470 1147 2511 z
1170 2470 1214 2512 ne
1241 2448 1353 2512 inventi

240 2534 369 2623 ginitate
384 2558 415 2599 tn
431 2535 568 2624 paternis
580 2536 643 2603 suis
654 2534 781 2625 gravida
825 2536 993 2600 occasione
1014 2548 1123 2600 utatur
1143 2553 1188 2617 se
1214 2535 1265 2601 Ab
1280 2532 1351 2600 omni

240 2624 439 2689 inveniatur:
454 2646 495 2689 ne
516 2624 597 2689 iortb
617 2628 693 2690 cum
714 2624 782 2688 viro
823 2622 1030 2690 irreverentid
1074 2623 1243 2690 oculorum
1295 2622 1353 2709 ejus

241 2712 783 2800 commoratatrausgrediatur,aut
824 2734 919 2789 cave,
939 2724 971 2777 et
993 2736 1033 2777 ne
1055 2713 1201 2789 mireris,
1219 2714 1286 2778 site
1303 2732 1350 2774 ne·

241 2804 330 2867 certb
350 2799 464 2867 sterilis
483 2800 648 2868 efficiatur.
680 2800 783 2888 Super
824 2798 966 2889 glexerit.
986 2800 1077 2869 Ibid.
1101 2803 1154 2881 ab,
1183 2802 1228 2866 13.
1248 2802 1291 2877 ¹⁴·

241 2886 783 2957 filiamlusuriosamconiirmncus·
1133 2938 1142 2953 .
1227 2936 1236 2951 .

241 2978 362 3045 todiam
377 3002 385 3044 :
400 3002 441 3044 no
453 2979 582 3067 quandb
595 2980 689 3045 iaciat
703 2991 735 3049 te
750 2978 782 3042 in
938 2938 1026 3003 sm
1050 2936 1247 3062 m

242 3068 449 3157 opprobrium
468 3070 575 3136 venire
592 3067 748 3145 inimicis,
765 3072 783 3131 b
870 3064 904 3142 Si
917 3063 1062 3153 genuerit
1074 3063 1174 3141 bomo
1186 3060 1354 3161 iiiiumcon

244 3157 441 3225 detractione
450 3158 482 3223 in
491 3156 784 3242 civitate,etob·jec-
826 3166 987 3219 tornacen]
1017 3164 1050 3217 et
1080 3162 1287 3239 protervum,
1310 3170 1354 3235 qu

244 3248 333 3313 tione
359 3247 477 3334 plebis,
501 3259 533 3312 et
554 3240 730 3312 confundat
752 3257 786 3309 te
826 3264 891 3308 non
904 3238 1353 3329 undiatpattisautmatrisim-

246 3336 279 3405 in
310 3333 513 3399 multitudine
542 3330 660 3421 populi.
690 3331 780 3397 loia.
826 3330 968 3421 perium,
996 3342 1028 3396 et
1055 3329 1217 3395 coercitus
1241 3325 1354 3393 obedire

243 3422 297 3495 Aa.
317 3444 347 3505 9.
366 3438 474 3507 etseq.
828 3419 1054 3516 contempserit
1087 3442 1095 3484 ε
1128 3416 1355 3570 apprehendent

289 3504 427 3572 Juvenos
462 3507 606 3573 sirniliter
636 3506 783 3586 hortare,
827 3532 922 3584 eum,
940 3521 973 3573 et
989 3507 1142 3572 ducenta
1176 3507 1355 3571 senior-esct-

246 3604 282 3679 pt
296 3593 393 3659 sobrii
409 3596 481 3659 sint.
505 3597 570 3661 Ta.
591 3618 620 3661 n.
640 3598 671 3661 6.
749 3611 756 3625 ·
828 3597 932 3663 vitatis
963 3594 1066 3673 iilius,
1097 3606 1130 3660 et
1166 3596 1209 3659 ad
1245 3604 1355 3683 portant

830 3685 941 3753 'udicii
954 3737 962 3766 ,
987 3684 1157 3771 dicentque
1171 3683 1212 3748 ad
1223 3706 1278 3748 eos
1292 3706 1299 3747 :
1312 3679 1355 3745 Fi-

278 3856 281 3861 ·
338 3772 480 3839 Home
495 3772 688 3843 acitabcaot.
828 3712 890 3840 iius
919 3786 1028 3840 noster
1058 3775 1117 3838 is'te
1143 3776 1356 3861 proter-auset

303 3866 305 3876 ’
346 3908 349 3917 =
583 3900 585 3905 ·
829 3874 1094 3940 contumax-est,
1120 3862 1242 3944 monita
1265 3868 1355 3926 nostra

291 3947 390 4015 Filius
420 3947 544 4038 sapiens
567 3949 703 4017 laetificat
730 3976 789 4041 pa·
830 3951 940 4018 audire
951 3952 1145 4029 coutemnit,
1164 3948 1355 4017 commotio·

264 4040 349 4119 pum':
367 4037 450 4106 {iiius
459 4044 534 4107 verb
546 4038 660 4109 stultus
672 4042 789 4108 moso-
829 4042 925 4108 nibus
939 4053 1056 4123 sacam
1074 4048 1107 4107 et'
1129 4040 1260 4108 inxuriae
1274 4048 1354 4138 atquo
