2884 4725
27 1490 28 1509 .
126 1436 178 1500 28.
201 1454 251 1519 ²9·
272 1434 324 1498 do.

360 252 431 328 nra
903 256 975 325 cn
1184 218 1247 325 ’222
1364 328 1378 349 ,Κ

119 369 330 465 quasiiabuia
347 388 444 447 22222
458 371 664 441 inomindis·
704 371 781 437 mita
804 382 878 436 aunt
899 376 918 435 t
942 374 1056 437 nutari
1075 369 1242 457 bumant;

119 461 659 552 cipdinatornmaasiduaarit.v.ar.
703 458 1243 548 linguamautemnnllusbominum

169 551 206 615 ln
218 564 274 615 'ore
283 551 442 615 fatuorum
453 572 510 617 oor
522 548 659 615 iliorum.
700 546 834 613 'domare
844 539 954 636 ‘potant
967 572 975 613 t
990 550 1168 637 inquietum
1179 572 1244 614 mc-

120 638 360 725 12222229.
449 678 453 685 -
704 635 792 713 lum,
808 635 903 725 piena
924 654 1048 702 veneno
1066 638 1241 703 mortifero.

169 726 290 792 durum
315 739 406 791 tuum
436 737 469 790 ot
498 737 664 815 argentum
703 723 743 790 dn
761 726 827 812 ipad
850 724 1069 791 benedicimus
1088 724 1191 791 Deum
1213 738 1248 794 et

121 829 215 882 tuum
235 810 357 892 conda,
374 826 406 879 et
420 813 526 879 ¹verbis
541 816 603 879 tuis
617 815 665 880 ia·
705 812 851 878 Patrem:
866 826 898 879 ct
911 813 944 878 in
954 814 1019 902 ipat
1028 810 1246 879 maledicimus

121 905 192 971 cito
201 915 369 980 stateram,
382 914 413 968 et
426 903 539 968 irmnoa
551 903 598 967 ori
610 914 665 968 tuo
706 900 867 978 homiuea,
880 901 935 989 qui
950 903 992 967 ad
1006 900 1245 969 similitudinem

121 1004 230 1057 rectos
252 1016 260 1057 2
289 1003 321 1057 et
348 991 493 1068 attende,
518 1013 559 1057 ne
584 991 666 1055 torte
706 989 766 1055 Dei
780 988 856 1055 facti
870 1002 953 1056 aunt.
970 991 1247 1079 Exipaoocepro

121 1081 240 1146 labaris
256 1080 289 1144 in
304 1078 409 1169 lingui
427 1088 503 1155 too,
520 1092 552 1144 et
571 1080 665 1146 cudae
706 1078 791 1143 cedit
803 1078 995 1155 benedictio,
1008 1090 1041 1143 ot
1051 1076 1242 1146 maledictio.

122 1170 158 1235 in
174 1181 347 1257 conspectu
370 1168 572 1233 inimicorum
588 1168 666 1233 insi·
708 1166 778 1232 Non
790 1178 935 1254 oportet,
952 1169 1066 1234 iratres
1079 1167 1162 1243 mei,
1179 1167 1247 1233 bec

28 1313 29 1343 5
123 1257 280 1322 diantium
293 1256 369 1337 tibi,
386 1268 418 1321 et
434 1257 473 1321 ait
486 1276 576 1327 casam
594 1268 665 1321 tuus
706 1255 749 1319 ita
765 1254 843 1320 fieri.
858 1279 891 1321 o.
908 1258 938 1320 5.
954 1278 1023 1343 uoq.
1037 1255 1083 1319 od
1098 1279 1146 1321 22.
1164 1257 1195 1319 V
1196 1250 1266 1321 idc'

124 1344 308 1410 insanabilia
334 1347 366 1410 in
392 1356 541 1410 mortem.
571 1342 661 1411 Ittd.
705 1342 1129 1411 Domectoottotattoio.

168 1522 235 1602 out
251 1521 421 1610 sophiam
434 1519 584 1609 loquitur,
598 1521 664 1587 oar-
791 1470 989 1542 '’mm'‘
1002 1477 1159 1543 ’'ww“

122 1607 197 1675 bilis
212 1623 281 1676 est:
298 1611 331 1675 in
343 1610 428 1673 omni
445 1632 480 1674 re
497 1608 666 1674 defrauda·
722 1680 725 1685 ,
752 1614 802 1680 Ad
812 1612 1039 1702 increpandum
1050 1618 1174 1679 tuntum
1185 1613 1248 1679 eie

120 1700 221 1765 bitur.
236 1698 361 1765 Nonest
371 1696 414 1763 ilii
424 1697 519 1762 datad
529 1698 665 1763 Domino
703 1703 780 1789 quia
793 1703 1008 1774 concinnatim
1026 1714 1058 1767 et
1073 1701 1105 1766 in
1116 1714 1248 1767 ventum

125 1787 255 1874 gratia:
285 1787 372 1853 omni
398 1786 483 1855 enim
513 1787 665 1875 sapientitt
705 1791 803 1857 verba
819 1791 977 1879 paotbrtia.
996 1790 1060 1855 tot
1075 1791 1107 1855 6.
1128 1790 1179 1855 26.

128 1874 331 1941 defraudatus
343 1885 400 1941 ost
415 1874 532 1961 1252
546 1876 596 1939 ab.
610 1878 661 1954 24.
751 1878 824 1945 Filii
837 1880 1002 1945 hominum
1012 1878 1124 1943 dentes
1136 1901 1247 1945 eorum

173 1962 205 2028 Si
227 1963 418 2050 quiaautcm
436 1962 662 2050 putataereli-
704 1968 1005 2057 armaetaagittre‘:
1023 1966 1250 2054 etlinguueo·
1330 2032 1334 2041 ,

150 2050 251 2116 iotam
280 2072 377 2127 esse,
405 2074 470 2115 non
496 2052 679 2116 reiraenans.
708 2079 780 2120 rum
796 2054 918 2143 gladius
930 2068 1053 2123 acutus.
1062 2055 1244 2119 Paatottt.

126 2071 666 2293 terrerum·
708 2230 952 2296 1
967 2141 1083 2293 tta
1110 2142 1249 2293 222

169 2252 208 2383 di
222 2316 290 2406 (fitia
299 2316 331 2382 in
339 2315 437 2382 verbo
448 2336 513 2380 non
521 2312 665 2390 offendit,
708 2324 768 2407 gut
786 2252 1096 2404 dolosa.Paot.(i19.
1117 2339 1147 2383 2.

129 2404 184 2472 bic
210 2406 367 2492 perfectus
397 2415 444 2468 cat
470 2399 527 2469 vir'.
562 2403 668 2468 Potest
753 2403 798 2471 02
819 2405 959 2495 bilingue
974 2404 1125 2472 detestor.
1146 2406 1246 2472 Pron.

130 2493 226 2558 etiam
241 2494 338 2559 sraeno
356 2492 598 2559 circumducere
618 2503 668 2555 to·
711 2495 741 2560 8.
768 2493 824 2570 15„

130 2592 200 2646 tum
226 2603 350 2670 corpus.
386 2580 421 2646 Si
452 2592 558 2645 autem
580 2580 668 2666 equis
752 2581 859 2649 Verba
875 2581 1045 2668 impiorum
1060 2579 1250 2646 insidiantur

129 2670 227 2738 imno
245 2670 276 2735 in
292 2693 348 2736 ora
363 2669 517 2735 mittimus
535 2667 575 2732 ad
589 2691 670 2734 con·
711 2670 873 2760 sanguini:
887 2692 921 2735 os
932 2669 1090 2757 justorum
1102 2666 1250 2734 liberabit

128 2759 328 2825 sentiendum
339 2758 443 2834 nobis,
457 2770 489 2822 ct
500 2779 671 2822 omnecor-
710 2781 775 2825 eos.
793 2758 813 2824 1
817 2758 882 2823 did.
907 2781 955 2825 22.
975 2758 1006 2822 6.

128 2846 671 3001 tttt¹t⁰tttttttttttt
712 2843 1253 3022 edittit'ittttttttttt

133 3021 243 3087 dicum
257 3023 385 3109 quidem
403 2983 583 3092 membribn
604 3035 670 3098 est,
712 3025 829 3089 ruinas.
845 3024 864 3091 1
868 3023 934 3088 bid.
951 3023 1002 3088 26.
1021 3024 1073 3088 28.

135 3120 289 3196 utmagna
301 3111 424 3176 exaltat.
441 3112 525 3178 Ecce
536 3123 672 3203 quantus
758 3111 904 3179 Narratio
916 3112 1012 3187 t'atui,
1029 3109 1117 3198 quasi
1129 3110 1253 3176 omina
1275 3177 1278 3182 ,

133 3197 239 3285 igu'b,
262 3217 357 3284 quum
384 3220 531 3288 magnam
561 3197 676 3266 silvam
708 3201 748 3266 in
762 3200 822 3266 vit.
842 3201 946 3266 Eecti.
966 3220 1019 3264 22.
1042 3223 1090 3287 ¹9·

134 3285 294 3352 incendit!
318 3287 357 3350 Et
377 3283 482 3376 iingna
504 3287 584 3376 ignia
604 3299 671 3362 est,
759 3289 906 3377 lbrngeno
923 3286 1052 3354 oouium
1069 3286 1197 3353 deducit
1211 3284 1255 3351 ia-

134 3374 324 3440 univ'ereitas
344 3375 525 3462 iniquitatis.
553 3376 674 3464 Lingua
717 3376 1256 3527 crymaawtqrdzungitcompro-

126 3462 339 3530 constituitur
360 3463 393 3527 iu
415 3465 568 3530 membris
594 3485 675 3529 noa·
716 3463 970 3535 sementum-1
998 3464 1038 3530 'd
1059 3487 1110 3528 22.
1128 3465 1179 3541 ad.

136 3553 206 3630 tria,
237 3549 677 3641 uaemucuiattotumoorpua‚¹
761 3553 902 3620 Verbum
925 3568 1062 3639 nequam
1076 3549 1260 3616 immutabit

130 3642 199 3705 oti
246 3651 366 3706 ammat
384 3651 487 3706 rotam
505 3641 677 3722 nativitatis
720 3663 777 3708 cor
801 3663 811 3709 τ
839 3664 877 3706 ax
905 3661 967 3728 quo
991 3651 1096 3728 partes
1121 3648 1259 3726 quatuor

133 3739 270 3806 noatrae,
283 3728 478 3794 inflammata
490 3735 508 3792 a
520 3729 674 3817 gehennt.
722 3731 867 3798 oriuntur
885 3778 894 3805 ,
912 3729 1034 3799 benum
1060 3739 1093 3792 ct
1112 3723 1259 3801 malum,
1320 3805 1323 3808 .

142 3813 255 3882 Omnia
265 3818 351 3882 enim
363 3830 479 3883 natura
493 3817 678 3892 bestiarum,
719 3819 784 3883 rita
799 3832 831 3886 et
845 3839 954 3883 mora:
971 3829 1004 3881 et
1019 3812 1209 3882 dominatrix
1226 3810 1261 3879 it-

142 3914 175 3966 et
186 3901 371 3980 volucrum,
386 3905 636 3994 etaerpcntium,
649 3916 681 3970 et
721 3906 826 3972 torum
840 3904 1023 3976 eatuaiduu
1038 3897 1258 3992 linguatdba'd.

142 3999 329 4063 ceterorum
349 3993 541 4072 domantur,
563 4006 595 4060 at
621 3991 681 4059 do·
724 3995 776 4081 t7.
795 4013 847 4060 ac.
