2884 4725
336 313 415 378 11111
891 315 971 381 auu
1178 343 1215 405 91

137 428 347 495 Dixitautem
358 426 512 494 Davidad
527 427 642 493 Phiiis-
682 423 931 492 destructionem
968 425 1181 492 munitionum
1209 478 1218 502 ‚

95 519 235 584 thaeum:
255 516 308 582 Tu
331 517 419 582 venis
433 516 475 581 ad
493 540 641 583 mecum
682 514 812 580 consilia
827 515 1025 579 destruentes
1043 526 1075 579 et
1091 538 1220 581 omnem

90 606 220 695 gladio,
242 620 279 670 et
303 606 414 681 hasta,
443 605 610 709 et'clppeo
631 629 639 670 τ
682 600 879 668 altitudinem
894 602 1097 668 extollentem
1113 627 1149 669 se
1162 603 1220 669 ad-

90 720 147 783 ego
168 707 282 760 autem
307 693 401 760 venio
421 693 460 757 ad
477 705 508 757 te
525 718 558 759 rn
582 717 642 758 uo·
682 696 789 757 versiae
821 692 986 757 scientiam
1012 692 1101 767 Dei,
1128 704 1161 756 et
1187 694 1219 757 iu

88 785 174 849 mine
189 782 328 850 Domini
350 781 565 859 exercituum,
583 783 640 848 Dei
682 781 895 867 captivitatem
906 780 1084 869 redigentes
1092 803 1220 847 omnem

87 872 250 961 agminum
272 870 371 937 lsrael
383 922 392 947 ,
405 870 519 957 quibus
531 894 641 959 expuo
682 867 900 945 intellectum,
916 882 978 934 etc.
999 892 1028 933 a.
1039 870 1116 935 Cor.
1130 873 1216 949 104.

87 960 185 1025 brasti
208 960 313 1025 bodie
331 1010 339 1035 ‚
359 972 391 1024 et
410 958 498 1025 dabit
519 971 551 1025 te
574 960 641 1025 Do·
727 958 854 1023 luduite
867 982 922 1023 vos
938 970 1130 1025 armaturam
1138 959 1218 1034 Dei,

88 1050 192 1115 minus
211 1048 247 1115 iu
277 1072 379 1115 manu
395 1053 489 1124 meai,
512 1062 544 1113 et
565 1070 640 1136 per·
681 1056 716 1109 ut
737 1047 862 1135 possitis
881 1059 965 1113 stare
981 1047 1129 1112 adversius
1142 1049 1220 1113 insi-

86 1139 206 1203 cutiam
234 1151 270 1203 te
291 1189 300 1213 ,
323 1149 354 1203 et
381 1132 520 1201 auferam
544 1148 640 1224 caput
681 1134 749 1199 dias
765 1134 883 1200 diaboli
904 1137 1076 1223 :quoniam
1092 1148 1221 1201 nonest

87 1234 209 1293 tauma
227 1240 263 1291 te
287 1239 369 1303 ,etc.
393 1224 563 1313 1.Reg.17.
578 1226 636 1305 db.
681 1225 774 1289 uobis
789 1224 971 1289 colluctatio
986 1224 1135 1290 adversius
1153 1248 1219 1290 cur·

128 1316 331 1390 Attendite,
351 1312 452 1378 omnis
476 1312 557 1380 luda
575 1364 585 1388 ,
609 1324 639 1378 et
681 1336 754 1377 nem
770 1324 802 1378 et
817 1314 1022 1401 sauguinem,
1039 1314 1094 1378 sed
1106 1314 1219 1379 adver-

86 1404 140 1491 qui
155 1402 321 1489 habitatis
336 1399 512 1467 Jerusalem
523 1452 531 1477 ‚
544 1415 575 1466 et
586 1414 638 1476 tu,
681 1407 734 1465 sits
748 1402 907 1489 principes
919 1413 950 1466 et
962 1414 1132 1490 potestates
1141 1452 1150 1477 ,
1159 1401 1218 1467 ad-

87 1514 139 1557 101
162 1492 360 1579 Josaphat:
391 1491 465 1555 llaec
486 1490 559 1555 dicit
580 1492 640 1555 Do·
680 1496 789 1555 versus
800 1491 912 1555 mundi
921 1502 1060 1555 rectores
1072 1491 1220 1556 tenebra-

85 1580 191 1645 minus
219 1580 318 1645 vobis
342 1602 351 1644 :
380 1577 480 1645 Nolite
505 1579 637 1655 timere,
680 1603 751 1643 rum
766 1580 881 1645 harum
896 1629 904 1653 ,
921 1592 1031 1644 contra
1048 1578 1219 1667 spiritualia

25 1666 27 1671 ’
89 1692 146 1735 nec
175 1668 331 1757 paveatis
355 1666 437 1733 banc
463 1666 639 1732 multitudi-
679 1669 828 1756 nequitiae
843 1668 875 1733 in
890 1666 1073 1733 coelestibus
1095 1692 1219 1757 :prop-

91 1780 160 1823 nem
178 1755 637 1843 (loquiturchmmorsita‘s,
679 1764 766 1823 teres
783 1757 918 1845 accipite
933 1748 1126 1821 armaturam
1137 1758 1219 1833 Dei,

90 1846 254 1911 Moabitis
270 1868 312 1910 ac
326 1844 435 1935 Syriis
452 1845 637 1909 00011αᾶ0-
679 1858 714 1909 ut
727 1844 850 1935 possitis
862 1846 1006 1911 resistere
1014 1846 1047 1911 in
1058 1845 1111 1910 die
1118 1843 1217 1919 malo,
1265 1917 1268 1922 ⁴

91 1934 208 2022 sopitat
218 1932 486 2025 insurgentibus)
502 1945 639 1999 :nonest
680 1947 712 1999 et
739 1935 771 1999 in
794 1936 942 2001 omuibus
958 1935 1090 2023 perlecti
1113 1947 1218 2007 stare,

94 2023 179 2087 enim
203 2036 309 2089 restra
330 2044 455 2111 pugna,
480 2022 535 2087 sed
558 2022 636 2095 nei,
679 2036 742 2089 etc.
761 2024 878 2110 Epiros.
897 2026 928 2091 6.
949 2048 997 2090 11.

96 2122 158 2175 etc.
178 2134 208 2177 s.
227 2114 340 2177 Par-ai.
358 2134 409 2176 so.
434 2112 483 2175 15.

147 2198 212 2275 Qui
234 2199 324 2265 docet
346 2222 459 2265 manus
485 2221 572 2263 meas
599 2222 616 2262 a

107 2284 267 2371 prelium,
286 2300 316 2353 et
330 2288 459 2378 posuisti
477 2300 513 2351 ut
529 2309 638 2352 arcum

109 2394 228 2440 ereum
242 2376 363 2442 brachia
377 2401 458 2444 mea.
478 2378 566 2443 Paci.
587 2399 635 2462 ¹7·
726 2380 760 2444 si
778 2377 905 2468 quandb
925 2377 1094 2442 accesseris
1109 2375 1149 2439 ad
1164 2399 1220 2440 ex-

108 2461 164 2526 55.
679 2460 1220 2557 pugnandamcivitatem,olieresei

152 2549 342 2622 Benedictus
373 2552 522 2618 Dominus
554 2553 639 2640 Deus
679 2559 819 2646 primitur
831 2577 954 2643 pacem.
972 2553 1071 2619 Dent.
1091 2572 1142 2615 ao.
1169 2577 1217 2618 10.

100 2661 219 2716 meus,
240 2641 295 2728 qui
317 2640 408 2708 docet
429 2665 537 2707 manus
552 2665 638 2706 meas
682 2643 821 2728 Quande
865 2642 1026 2709 obsederis
1062 2640 1221 2706 civitatem

99 2727 139 2791 sd
181 2728 319 2806 raelium,
337 2742 368 2794 et
382 2731 492 2820 digitos
500 2753 586 2796 meos
599 2730 639 2794 ad
682 2735 784 2801 multo
803 2745 967 2819 tempore,
988 2743 1023 2796 et
1041 2730 1222 2795 munitioni-

98 2753 228 2884 beliirm.
248 2821 335 2886 Psat
359 2821 428 2900 145.
452 2845 477 2884 1.
681 2824 742 2888 bus
761 2820 1030 2897 circumdederis,
1049 2831 1085 2884 ut
1101 2841 1222 2906 expug-·

142 2907 176 2972 si
200 2909 413 2983 revertimini,
436 2921 469 2974 et
494 2909 639 2995 quiesce·
681 2933 908 2986 nesesm‚non
920 2909 1063 2976 succides
1074 2909 1220 2982 arbores,

103 2995 159 3073 tis,
176 2996 253 3062 salsi
270 2997 356 3061 eritis
377 3020 385 3061 ε
406 2997 439 3060 iu
461 2995 587 3061 silentio
607 3008 639 3059 et
681 3001 722 3066 de
738 3000 854 3088 quibus
866 2999 948 3065 vesci
964 3009 1088 3087 potest,
1105 3019 1163 3061 nec
1176 3019 1222 3060 se·

103 3083 132 3148 in
144 3109 198 3173 spe
214 3087 274 3150 erit
293 3085 446 3150 fortitudo
464 3097 589 3149 vestra:
607 3095 639 3147 et
682 3090 812 3155 curibus
838 3089 934 3154 debes
964 3111 1023 3176 per
1049 3085 1219 3152 circuitum

104 3171 242 3240 noluistis
262 3186 321 3238 :et
342 3174 463 3238 dixistis
483 3197 491 3238 ι
513 3173 640 3260 Nequa-
681 3191 804 3244 vastare
840 3178 1030 3266 regionem,
1068 3174 1220 3261 quoniam

104 3269 210 3410 (palm,
228 3263 286 3328 sed
304 3262 346 3326 ad
357 3285 455 3350 equos
470 3263 635 3350 fugiemus.
680 3268 801 3358 iignum
816 3279 881 3343 est,
897 3278 930 3330 et
944 3287 1009 3330 non
1025 3265 1139 3338 horno,
1161 3283 1222 3328 nec

126 3371 165 3416 10.
179 3355 233 3418 bo.
257 3354 307 3416 15.
681 3368 784 3446 potest
799 3353 986 3420 bellantium
999 3364 1109 3418 contra
1124 3363 1157 3416 te
1168 3375 1222 3416 au·

720 3469 756 3510 re
771 3466 949 3510 numerum.
967 3466 1001 3507 0.
1024 3465 1073 3528 ¹9·

618 2198 639 2261 d
680 2156 810 2222 Bellum
834 2154 896 2243 fiat
924 2179 1004 2262 aum·
1028 2148 1163 2219 consilio
1193 2165 1223 2215 et

863 2259 1036 2332 septemsa-

150 3483 344 3549 Bcllandum
355 3485 460 3546 amis
475 3505 598 3568 quoque
681 3470 718 3534 ὅθ

246 3571 485 3662 spiritualibus.

727 3529 959 3599 Gubernaculis
972 3529 1137 3595 tractanda
1149 3539 1223 3592 sunt

681 3619 777 3687 bella.
794 3623 894 3687 Prov.
916 3643 967 3685 ao.
990 3621 1040 3683 18.
1271 3625 1276 3633 “

153 3705 339 3795 lbjiciamus
354 3716 430 3798 ergo
442 3732 537 3798 opera
548 3721 641 3774 tene·
726 3709 784 3777 Vir
798 3711 923 3797 sapiens
940 3708 1029 3774 fortis
1044 3719 1110 3781 est,
1125 3716 1157 3770 et
1170 3703 1217 3769 vir

106 3793 293 3873 brarum‚et
309 3799 579 3864 induamurarma
595 3797 641 3863 lu·
683 3799 797 3864 doctus
823 3799 989 3873 robustus,
1018 3807 1050 3859 et
1068 3792 1219 3860 validus:
1256 3837 1261 3844 .
1341 3867 1344 3874 Ι

105 3883 334 3952 cis.Iiom.15.
357 3911 406 3952 aa.
683 3887 756 3976 quia
787 3911 860 3953 cum
892 3884 1095 3975 dispositione
1126 3883 1223 3947 initur

145 3973 367 4041 drmamilitiae
378 3989 641 4042 nostraenoncar·
683 3975 802 4041 bellum
818 3975 944 4041 :eterit
959 3971 1042 4038 salus
1054 3966 1222 4034 ubimulta

99 4061 181 4130 nulia
193 4077 288 4144 sunt,
302 4065 360 4133 sed
370 4068 511 4154 potentia
519 4067 588 4135 Deo
600 4065 641 4132 ad
658 4144 665 4187 f
684 4061 1014 4134 constitueritis.
1032 4062 1081 4136 sd.
1101 4059 1120 4121 5
