2884 4725
1229 566 1264 655 lx

4 672 10 691 ’
135 678 344 749 Scrutamini
359 678 531 771 Srlptoros
539 704 553 758 ,·
574 685 607 745 ct
621 677 803 756 invenietis,
821 677 908 769 qnod
923 679 1023 747 lioma
1038 678 1079 746 alt
1094 677 1260 769 Babylon,

135 784 220 873 quod
236 778 322 884 Papa
336 785 377 851 sil
392 780 648 859 tuttactristus,
663 780 752 873 quod
768 778 924 861 Catholici
938 794 1049 848 contra
1062 782 1261 871 §cripturam

13 908 17 917 ·
134 878 289 963 doceant,
310 898 371 953 etc.
392 882 457 953 Sed
475 886 665 975 quintiana
684 880 918 975 haec‘lpsoront
938 882 1082 972 putatitla
1105 882 1203 973 glorta
1221 884 1261 950 stt

130 984 322 1053 monstrabit
338 1005 476 1079 presens
498 1006 596 1073 opus,
617 984 649 1051 in
666 1008 750 1074 quo,
766 984 915 1073 quoniam
934 990 997 1051 tim
1012 984 1217 1074 pertinaciter
1228 997 1261 1050 et

133 1084 253 1155 insulse
278 1110 336 1155 nos
361 1083 451 1177 quasi
473 1087 651 1177 ignorantes
673 1087 714 1152 ad
738 1086 920 1176 Scripturas
937 1095 1126 1174 provocant,
1150 1078 1259 1152 earum

135 1202 246 1279 aperto
260 1187 440 1257 testimonio
455 1202 487 1255 et
503 1188 689 1256 auctoritate
704 1189 943 1278 convincentur.

175 1304 256 1381 llilri
271 1316 365 1391 sanc„
388 1310 463 1391 diam
477 1334 535 1402 per
551 1310 751 1401 scripturam
768 1310 920 1388 Sacram,
941 1323 1026 1377 etex
1041 1308 1093 1377 illi
1110 1292 1258 1379 divinitus

128 1423 265 1506 acceptl
290 1412 362 1481 luce
383 1406 656 1489 veritatem‘Fidei
678 1425 710 1478 et
732 1409 903 1501 Religionis
925 1405 1259 1489 Romano-Catholicae

128 1504 235 1583 divina
249 1516 352 1605 gratia
364 1514 486 1593 inveni,
499 1513 605 1589 statim
618 1526 690 1603 post
701 1507 894 1581 salutiferam
906 1512 1144 1590 conversionem
1155 1536 1260 1593 meam
1322 1528 1326 1535 ’

127 1608 342 1705 objecerunt,
364 1612 529 1683 dicentes:
553 1636 587 1681 se
609 1605 687 1701 nihil
704 1614 804 1705 magis
826 1628 955 1705 optare,
972 1633 1068 1705 quam
1084 1628 1119 1681 ut
1139 1610 1261 1683 (latino-¹

127 1713 221 1785 licam
248 1711 349 1783 lidcm
370 1741 408 1783 ex
435 1714 607 1807 Scripturis
628 1710 702 1807 ipsis
729 1712 971 1793 demonstrem,
992 1718 1074 1783 bene
1095 1716 1260 1799 scientes„

127 1820 213 1907 quod
238 1831 275 1885 et
291 1842 350 1907 ego
375 1816 512 1907 (absque
526 1818 614 1883 omni
628 1825 709 1883 vanl
728 1814 849 1906 gloria)
872 1816 1003 1887 Sacram
1025 1818 1222 1907 scripturam
1242 1824 1260 1892 t

126 1918 298 2007 juventute
312 1919 471 1996 noverim,
491 1944 520 1985 s.
536 1918 577 1985 ad
591 1914 733 2001 Timoth.
752 1916 784 1985 5.
805 1921 853 1985 15.
869 1918 1090 1987 Demonstravi
1102 1920 1212 1995 istam,
1228 1933 1262 1987 et
1305 1980 1310 1989 ,

124 2014 210 2107 juxta
231 2022 395 2089 monitum
412 2016 483 2103 Divi
502 2018 610 2107 Petri,
632 2020 791 2094 dicentis:
817 2020 936 2089 Parati
957 2045 1082 2109 sempor
1099 2022 1146 2087 ed
1165 2022 1262 2088 setis-

74 2158 78 2167 *
123 2124 304 2209 factiosum
318 2125 412 2189 omni
424 2124 571 2213 poscenti
584 2146 642 2191 uos
653 2122 816 2196 rationem
827 2119 867 2187 de
879 2130 937 2197 at,
954 2148 1025 2210 quac
1037 2123 1075 2187 in
1088 2122 1181 2188 robis
1198 2122 1263 2208 cst„

124 2245 197 2311 epe,
222 2248 252 2311 ι,Ι
272 2220 355 2291 Patr.
377 2224 409 2311 5.
434 2226 483 2289 15.
508 2218 593 2289 edidi
611 2220 729 2289 librum
747 2224 927 2313 germanice
944 2222 1161 2295 intitulatum:
1179 2224 1262 2289 Ent-

7 2320 10 2325 ’
128 2324 231 2398 wodor
254 2322 444 2394 Castalios
462 2322 541 2390 odor
560 2322 665 2390 wider
684 2324 724 2390 de
742 2320 860 2396 Silet:
884 2320 940 2392 sed
962 2327 1036 2414 quia
1057 2323 1116 2392 iste
1138 2318 1262 2391 liltollus
1376 2318 1379 2321 ⁴

136 2419 255 2498 dudum
278 2424 449 2492 distractus
469 2437 502 2492 et
524 2423 747 2491 tantummodo
766 2439 987 2494 controveraos
1008 2428 1095 2493 inse
1118 2416 1262 2493 continet

133 2523 283 2602 articulos
297 2521 371 2592 lidei
382 2578 391 2616 ¹.
403 2525 516 2592 melior
531 2526 609 2592 mihi
624 2539 656 2592 et
667 2527 787 2616 gratior
804 2540 899 2614 atque
915 2527 1076 2615 acceptior
1091 2525 1198 2591 oblata
1213 2539 1261 2592 est
1353 2531 1367 2557 ‘

131 2623 264 2688 occasio
290 2647 428 2690 amorem
454 2639 619 2712 meumst
646 2627 804 2694 servorem
831 2628 864 2691 in
888 2622 994 2694 studio
1024 2624 1261 2714 Scripturistico

124 2719 264 2812 publice
291 2721 546 2804 demonstrandi,
568 2727 644 2792 dum
664 2728 793 2818 pellita
814 2750 867 2793 me
888 2725 1010 2794 Nobilis
1026 2751 1065 2794 ac
1088 2728 1262 2817 Spectatis·

125 2821 227 2890 simus
239 2819 280 2891 Ι).
303 2823 418 2902 Veitlr,
436 2821 527 2893 velim
543 2828 602 2918 ipsi
617 2825 761 2896 libellum
773 2828 944 2917 quemdam
960 2830 994 2896 in
1009 2837 1121 2896 octavi
1137 2830 1258 2894 lor-ml:

126 2921 320 2990 Theraeo-us
337 2925 543 3004 Bibliorem,
561 2939 623 2993 etc.
649 2925 862 3009 intitulatum,
885 2926 1084 2999 collectumd
1102 2926 1260 3010 Gulielmo

124 3021 233 3090 llotte
249 3023 374 3116 Anglo,
386 3051 424 3094 ac
437 3025 632 3118 divulgatum
649 3040 681 3092 et
695 3029 779 3119 typis
794 3029 982 3116 mandatum
998 3029 1181 3123 Antuerpiae
1193 3028 1261 3118 jam

129 3127 224 3202 1581,
254 3126 453 3218 amplificare
473 3142 505 3194 et
528 3131 697 3218 corrigere.
724 3128 848 3200 adauxi
871 3131 975 3210 hunc,
997 3143 1030 3199 et
1054 3158 1092 3200 ex
1114 3129 1262 3222 pluribus.

124 3223 322 3294 Auctoribus
345 3229 451 3318 magni
468 3229 617 3318 ponderis
632 3229 745 3321 collegi
767 3229 829 3300 hoc
847 3233 1042 3324 completum
1058 3257 1156 3324 opus,
1171 3231 1260 3322 quod

125 3329 210 3393 tantia
227 3327 408 3405 industrii,
426 3329 559 3406 audere,
581 3342 614 3395 et
629 3327 738 3404 labore
760 3333 942 3416 conlectum
963 3347 1027 3411 est,
1045 3346 1081 3400 ut
1101 3333 1153 3398 vix
1169 3357 1259 3400 com-

124 3421 237 3514 pletius
252 3454 292 3496 ac
310 3429 483 3518 perfectius
495 3455 563 3500 esse
575 3429 693 3522 possit,
711 3432 751 3512 ad
766 3433 964 3500 minimuma
981 3433 1041 3500 Lit.
1057 3434 1092 3500 P.
1109 3430 1259 3524 usquead

126 3521 240 3610 lipom.
261 3553 339 3604 curn
362 3527 413 3595 his
432 3528 544 3608 litteris
561 3531 746 3622 colligendis
761 3533 832 3624 plus
851 3536 1004 3624 temporis
1022 3549 1056 3602 et
1073 3535 1261 3604 adminiculi

81 3669 92 3698 .
132 3626 358 3712 acquisiverim.
381 3629 496 3697 Omnia
511 3644 543 3697 et
558 3631 678 3722 singula
695 3635 780 3700 dicta
798 3634 864 3726 ipse
879 3636 999 3722 evolvi,
1016 3639 1204 3730 recognovi,
1220 3662 1260 3704 ac

3 3805 4 3808 Ἴ
138 3727 269 3804 nstitui,
295 3731 338 3797 ita
363 3743 399 3798 ut
421 3757 604 3798 assecurare
627 3733 798 3810 Lectorem
818 3737 957 3828 possim,
979 3752 1076 3829 capot
1099 3753 1131 3807 et
1150 3763 1259 3806 versus

134 3830 364 3898 accuratissime
379 3857 449 3900 csse
463 3835 615 3925 apposita.
1023 3835 1028 3843 ’

174 3949 224 4016 Do
243 3955 391 4038 oratus,
414 3985 476 4028 usu
490 3973 524 4028 et
543 3965 714 4046 commodo
737 3965 835 4053 hujus
851 3951 971 4055 'Operis
985 3991 1050 4043 uon
1067 3992 1196 4036 necasse
1210 3983 1258 4054 est

125 4051 268 4126 multum
288 4058 410 4140 disere,
426 4063 584 4154 siquidem
600 4065 724 4134 nullum
745 4067 856 4148 adesse
875 4070 993 4158 poterit
1012 4070 1163 4144 dubiumr
1182 4093 1258 4157 nam

124 4154 204 4246 guid
231 4155 412 4247 pulchrius,
433 4165 512 4253 quid
535 4164 659 4244 utilius.
676 4169 758 4257 ,quid
781 4170 880 4258 magis
904 4171 1137 4250 necessarium,
1160 4176 1258 4260 quam

122 4281 257 4344 ornnem
271 4285 358 4342 suam
380 4266 567 4343 scientiam,
588 4270 693 4354 omnia
711 4270 887 4359 principia.
909 4271 1096 4343 conciones,
1113 4271 1208 4337 verba
1224 4281 1256 4350 et

1251 4444 1307 4454 ,μ
