2884 4725
69 390 97 445 ¹,
169 418 171 425 ,
248 358 314 434 411
1060 344 1155 414 ANG

297 459 403 526 Credo
418 458 522 532 onim,
544 456 628 545 quod
653 454 791 609 Anpplus
831 456 976 535 evasione
988 460 1085 531 mezi,
1104 456 1187 519 etin
1200 453 1386 519 liberatione

251 550 312 617 Dei
323 546 699 625 bonuseomiteturei,et
732 551 792 610 ene
831 548 943 611 ve'strrt.
961 543 1100 608 tedet.
1129 545 1181 608 15.
1201 559 1255 608 20.

251 633 530 724 disponatomnia,
542 634 703 721 quoeciren
716 629 790 698 euin
876 633 910 698 Si
926 630 1021 697 t'uerit
1036 654 1102 719 pro
1123 654 1166 697 eo
1184 629 1328 719 Angelus
1341 629 1380 693 lo

250 736 423 815 geruntur,
453 722 494 788 ite
522 734 557 787 ut
580 746 655 789 cum
674 721 791 810 gaudio
831 719 1212 808 quens—miserebitur
1227 720 1309 808 ejus.
1325 716 1383 782 lot

249 824 428 879 revertatur
442 811 482 878 nd
498 834 566 877 nos.
588 810 666 877 rot.
686 812 722 899 5.-
736 832 786 895 17.
832 810 884 876 55.
906 810 957 873 15.
979 812 1030 887 14.

291 900 415 991 Angeli
426 899 557 965 hortatu
571 898 689 965 Tobios
697 899 792 963 inva-
874 894 1133 964 Cum'subletus
1149 885 1273 970 luerit,
1296 893 1382 957 time-

247 988 377 1055 donem
389 1013 393 1021 ’
404 989 527 1077 piscem
552 977 787 1076 apprehendit,
830 985 912 1050 bunt
926 984 981 1050 An
1002 984 1068 1061 eli,
1091 997 1127 1050 et
1142 984 1253 1053 territi
1272 1004 1382 1071 purga-

249 1091 279 1141 st
291 1092 458 1143 exenterat
475 1099 530 1141 eor
544 1078 631 1162 ejus,
651 1075 791 1163 [1411711-
830 1074 961 1139 buntur.
977 1008 1071 1139 leid.
1091 1077 1152 1152 41.
1177 1074 1230 1138 16.

248 1188 308 1229 eur
336 1165 382 1229 ad
415 1164 655 1229 medicamenta
688 1186 788 1228 reser-
875 1162 1029 1227 lmmittet
1045 1160 1197 1250 Angelus
1214 1159 1344 1225 Domini
1353 1157 1379 1220 in

246 1274 356 1319 oens:
374 1267 404 1317 et
425 1252 471 1317 ed
485 1252 662 1341 Ruperunt
677 1251 790 1317 diuer-
831 1251 965 1317 circuitu
999 1250 1193 1316 timentium
1226 1270 1324 1322 eum,
1353 1255 1380 1307 et

246 1303 640 1430 tent,utjussu1lngsli
676 1341 791 1405 stetin
830 1340 876 1405 eri
900 1340 942 1403 iet
957 1361 1021 1404 eos.
1044 1340 1143 1405 Psal.
1164 1338 1221 1403 55.
1242 1340 1275 1401 8.

247 1451 384 1495 amorem
399 1430 491 1496 illins
514 1429 624 1518 filiam
643 1365 786 1501 61111111,
873 1363 968 1492 liant
989 1439 1161 1517 tamquam
1185 1424 1292 1515 pulvis
1313 1424 1378 1485 antt

246 1519 343 1605 eujus
367 1532 486 1607 septem
511 1520 601 1583 eires
627 1516 790 1581 resideret
830 1516 942 1583 faeiem
966 1516 1068 1592 venti,
1093 1528 1130 1581 et
1151 1513 1299 1600 Angelus
1319 1510 1377 1574 Do·

246 1602 468 1682 mnium,
486 1604 664 1673 dissensui
680 1606 790 1695 Ange·
830 1604 908 1670 mini
922 1616 1091 1671 coarctans
1108 1627 1178 1669 eos.
1200 1594 1376 1668 1111111111

246 1694 295 1769 lo,
320 1718 384 1780 quo
398 1694 466 1783 fine
485 1692 729 1784 suscipiendum
749 1716 790 1757 ae
830 1693 1087 1758 lorumtenebrae
1100 1704 1136 1757 et
1149 1691 1331 1759 lubricum,
1347 1695 1374 1746 ssl

242 1784 446 1848 servendum
494 1784 538 1848 sit
581 1782 785 1871 eonjugium.
830 1779 967 1869 Angelus
1006 1780 1142 1846 Domini
1185 1794 1372 1869 persequens

244 1869 337 1935 lete.
356 1894 383 1934 c.
402 1872 434 1935 6.
489 1938 491 1945 ,
829 1892 894 1935 eos.
914 1870 1001 1934 Psal.
1020 1870 1072 1947 54.
1089 1872 1122 1934 5.
1139 1870 1173 1935 6.

232 2040 237 2049 ’
290 1956 439 2044 Baphae't
465 1957 575 2023 Tottae
596 1970 715 2047 rogate
743 1955 790 2020 ecl
875 1957 1044 2045 Quoniem
1054 1956 1192 2046 Angelis
1212 1955 1277 2021 suis
1291 1970 1364 2015 men

246 2044 406 2110 (lebetem
414 2046 544 2135 pergit,
561 2052 790 2132 quererereptu
830 2044 915 2113 davit
929 2046 969 2110 de
980 2058 1033 2121 te,
1050 2054 1086 2110 ut
1097 2043 1288 2111 custodient
1300 2051 1331 2103 te
1341 2036 1369 2099 in

241 2134 385 2221 pecunie
399 2134 445 2198 ad
459 2133 569 2200 Tobiae
579 2134 713 2221 nuptias
726 2133 789 2196 ad·
829 2134 977 2198 omnibus
985 2134 1041 2198 viis
1049 2134 1126 2199 tuis.
1143 2134 1237 2216 Pet
1256 2152 1307 2217 9⁰·
1322 2147 1364 2187 ¹1·

245 2220 359 2298 dacin
372 2221 548 2288 ituantem
562 2221 719 2288 Toliaeue
729 2221 790 2286 Sa·
831 2220 917 2286 Vide
930 2222 1049 2289 Mettis.
1069 2224 1100 2301 4.
1122 2223 1157 2287 6.
1177 2221 1258 2287 Lue.
1273 2220 1303 2295 4.
1322 2234 1363 2274 ¹⁰·

244 2330 293 2376 rm
308 2308 478 2380 hamdieit.
497 2309 586 2379 lhid.
604 2334 632 2376 e.
651 2332 682 2400 9.
874 2309 1012 2376 Adorete
1026 2311 1153 2388 Deum,
1175 2328 1288 2375 omnes
1307 2301 1363 2367 An·

222 2437 225 2444 ⁴
292 2398 411 2466 Tobiae
422 2424 498 2468 eum
509 2399 629 2490 filiode
642 2398 789 2464 mercede
829 2398 889 2488 geli
906 2400 984 2487 ejus.
1004 2400 1091 2465 Psat.
1105 2401 1169 2487 96:
1184 2401 1218 2464 8.

243 2487 420 2577 Raphaelis
438 2493 640 2564 emanans,
662 2487 789 2551 auditis
873 2488 1056 2553 Benedicite
1076 2488 1241 2562 Domino,
1263 2497 1363 2546 omnes

242 2597 317 2658 qum
341 2577 405 2642 sibi
430 2601 470 2642 ae
499 2577 572 2667 filio
589 2577 788 2667 prestiterat
829 2575 940 2663 Angeli
957 2578 1025 2663 ejus
1046 2588 1223 2663 :potentes
1238 2572 1360 2637 virtute,

244 2661 426 2749 benefieiis,
458 2666 665 2732 medietatem
690 2661 788 2752 offert
828 2665 978 2730 facientes
993 2665 1126 2729 verbum
1142 2663 1248 2734 illius:
1263 2658 1361 2723 ndat!-

232 2752 413 2826 emnium,
438 2775 511 2836 quur
528 2755 730 2830 1111114111111,Ι
752 2767 787 2816 at
828 2753 976 2818 diendnm
1023 2775 1134 2818 vocem
1186 2760 1359 2818 sermonum

241 2838 299 2904 itte
312 2861 345 2902 se
359 2839 422 2905 Dei
437 2841 604 2930 Angelum
619 2841 783 2914 deerat,
828 2842 905 2930 ejus.
925 2842 1012 2905 Psoi.
1037 2863 1106 2906 102.
1126 2863 1180 2906 eo.
1341 2915 1348 2929 ·

241 2941 273 2990 et
299 2942 371 3014 post
405 2929 511 2993 mette
541 2931 612 2995 alia
642 2930 786 2995 revoluta
873 2929 935 3008 Qui
951 2929 1028 2994 sncis
1045 2928 1183 3017 Angelos
1200 2940 1289 2996 tuos.
1306 2937 1358 3003 SD·

239 3015 397 3102 mysteria
407 3017 782 3082 inculemsubleeatur:
828 3018 905 3080 ritus
919 3039 928 3080 ε
946 3017 1145 3082 etministros
1157 3031 1248 3090 tuos,
1262 3012 1357 3098 ignem

240 3105 416 3190 quofaeto,
434 3105 487 3169 itti
503 3105 672 3166 interram
684 3105 785 3190 proni
826 3116 983 3169 urentem.
1002 3105 1089 3170 Pset.
1110 3107 1181 3170 105.
1197 3108 1229 3183 4.

240 3203 382 3265 ruentes,
390 3189 498 3256 Deum
507 3191 711 3264 benedicunt,
722 3198 797 3256 ete.'
869 3192 1020 3268 Domine,
1044 3195 1076 3258 in
1099 3203 1274 3282 conspeetu
1297 3183 1356 3250 An·

240 3277 330 3342 ttirt.
350 3303 377 3344 e.
402 3301 450 3344 12.
824 3278 967 3368 gelorum
1003 3280 1133 3369 psallam
1170 3280 1239 3346 tibi.
1272 3268 1352 3340 Pet·

286 3365 370 3431 Vivit
387 3378 492 3431 eutem
509 3366 684 3441 Dominus,
702 3389 780 3454 quo·
830 3371 899 3454 157.
920 3391 948 3433 1.

242 3454 329 3518 niam
360 3455 530 3520 custodivit
560 3477 611 3517 me
644 3453 793 3542 Angelus⁴
868 3455 1009 3522 Lnudute
1029 3480 1102 3522 eum
1125 3473 1237 3521 omnes
1262 3451 1355 3532 Angc’

241 3543 328 3628 ejus,
352 3555 385 3606 et
408 3543 484 3609 hine
510 3555 657 3621 euntem,
682 3555 714 3606 et
737 3543 781 3608 ibi
824 3543 845 3608 li
868 3545 938 3631 ejus
965 3570 973 3610 :
1002 3544 1128 3610 laudate
1146 3569 1221 3611 eum
1251 3553 1354 3604 omne-⁵

240 3644 511 3706 commorantem,
529 3641 561 3695 et
573 3630 722 3720 indehue
734 3656 780 3696 re·
823 3632 954 3699 virtutes
969 3635 1049 3721 ejus.
1068 3635 1156 3700 Pet.
1182 3634 1251 3710 148.
1273 3649 1301 3690 t·

240 3730 417 3784 vertentem
432 3743 440 3784 :
454 3731 485 3787 et
497 3741 561 3783 non
575 3720 717 3806 permisit
729 3741 781 3785 me
867 3720 1000 3811 Semper
1009 3722 1108 3809 jurgia
1121 3712 1349 3808 queritmalos:

241 3806 395 3890 Dominus
412 3805 559 3872 ancillam
584 3829 672 3871 sunm
688 3807 780 3873 eoin·
823 3809 961 3897 Angelus
976 3821 1083 3874 eutem
1099 3807 1236 3876 erudelis
1252 3803 1350 3869 mitte-

239 3894 388 3982 quinnri,
420 3895 474 3960 sed
506 3895 573 3959 sine
606 3893 780 3981 pollutione
822 3899 1346 3978 turconnoeum.Proe.17.¹¹1

242 3984 361 4071 peceati
398 3982 556 4050 revocavit
588 4005 638 4046 me
669 3983 778 4060 vobis,
866 3987 974 4073 Neque
990 3984 1076 4048 diens
1091 3993 1200 4050 eorem
1213 3975 1347 4066 nngeto:

239 4071 428 4158 gaudentem
450 4075 481 4140 in
499 4070 630 4156 vietoriti
650 4077 725 4146 sut,
747 4072 778 4137 in
822 4060 1346 4159 Νο11111711ονί11111611.11ὀεί1τ.65·
