2884 4725
233 328 275 393 88
485 317 563 385 BEL
1043 316 1122 382 BEL

232 434 358 502 Christo
375 431 451 499 Jcsu
471 436 698 520 antetempora
712 452 771 497 sac-
813 440 984 518 potueruut
1004 428 1150 494 resistcre
1170 426 1362 493 adversariis

232 523 360 591 cularia.
375 542 403 585 a.
420 521 506 585 Tim.
526 541 553 583 1.
573 542 604 607 9.
814 518 888 583 suis.
905 517 1015 582 lodic.
1034 539 1062 582 2.
1087 519 1136 596 rd.
1157 515 1245 580 Vide
1267 540 1298 581 e.
1324 518 1360 580 5.

273 607 575 697 Jmtifieotigrotid
585 606 773 697 ipsiusdtrc·
813 621 844 671 ct
857 629 884 670 c.
900 608 931 683 4.

231 696 443 763 reducamus
455 696 682 761 citoeoeteraoe.
702 694 730 759 T
730 695 769 759 it.
857 692 1017 760 Fecerunt
1039 704 1146 758 cutem
1166 690 1240 756 Filii
1259 690 1362 756 lsraiil

230 784 262 851 5.
280 810 310 873 7.
331 785 362 849 V
363 783 454 848 idect
467 807 499 849 u.
519 784 548 849 5.
814 780 989 847 malumin
1010 792 1183 868 conspectu
1209 780 1363 854 Domini,

252 936 340 981 naurs
359 934 400 977 ur
419 929 571 977 uracorrs
588 928 745 977 msroau.
814 868 1025 1023 ἓξῖῃῐξέἆὲἕ
1033 868 1153 1033 ’ἐξὲξ
1165 891 1282 1045 31ᾟὲ
1284 867 1368 1021 ἐξ,

324 1020 399 1065 ΜΝ·
420 1001 468 1077 ¹4·
489 1020 677 1068 ”mm
815 1058 889 1112 sunt
904 981 996 1111 veldc
1007 1046 1048 1111 ab
1060 1046 1114 1110 eis.
1132 1044 1223 1110 llrid.
1245 1046 1279 1109 6.
1303 1068 1333 1108 ι.

436 1159 567 1203 aaaron.
859 1133 930 1202 Filii
961 1147 1067 1199 autem
1095 1130 1191 1198 lsruiil
1218 1134 1364 1221 peccatis

816 1223 974 1288 veteribus
988 1223 1156 1310 jungentes
1168 1244 1265 1297 nora,
1280 1221 1365 1286 sece-

816 1322 891 1375 runt
911 1310 1032 1378 malum
1048 1311 1081 1376 in
1102 1321 1278 1413 conspectu
1299 1311 1366 1374 Do-

263 1403 359 1487 Quod
367 1404 391 1469 si
398 1404 700 1481 nonaudieritisme,
713 1426 774 1469 nec
816 1398 915 1475 mini,
935 1412 967 1465 et
985 1399 1162 1465 servierunt
1183 1396 1277 1463 rdolis
1295 1410 1361 1464 etc.

236 1493 375 1563 feceritis
396 1492 502 1559 omniu
519 1493 666 1559 mandata
683 1514 774 1567 mea,
818 1486 937 1552 Contra
956 1510 1035 1577 quos
1057 1486 1213 1551 Dominus
1235 1486 1364 1561 iratus,

234 1581 543 1671 otc.ponamfaciem
552 1592 775 1646 meumcontra
818 1574 948 1640 tradidit
976 1599 1030 1641 cos
1056 1575 1089 1640 in
1114 1597 1227 1642 manus
1250 1572 1367 1640 Philis-

232 1690 290 1735 vos
306 1720 315 1747 ,
332 1681 364 1735 et
381 1670 537 1736 corruetis
553 1692 661 1734 eoram
678 1666 775 1732 hosti·
819 1662 942 1739 thiim,
975 1676 1006 1729 et
1033 1662 1174 1729 liliorum
1207 1662 1363 1728 Ammon.

232 1757 295 1823 ltus
310 1756 482 1834 vestris,et
496 1754 775 1830 sub‘iciemiuihis,
819 1749 1004 1856 Alssictirpuc
1023 1763 1096 1817 sunt
1112 1764 1145 1816 et
1156 1748 1370 1817 vehementer

201 1870 205 1879 ·
234 1845 290 1983 plui
306 1842 444 1910 oderunt
460 1868 525 1908 vos.
544 1780 619 1908 dcc.
644 1843 695 1906 26.
723 1845 772 1922 rd.
819 1862 1045 1928 oppressrper
1068 1862 1168 1904 annos
1191 1839 1307 1904 decern
1335 1853 1368 1905 et

268 1930 323 1995 ide
336 1945 439 1995 totum
455 1931 575 2019 Caput.
820 1938 912 2003 octo,
942 1951 1053 1993 omnes
1090 1929 1145 2015 qui
1170 1926 1369 1993 habitabant

281 2018 410 2099 Quodsi
424 2018 539 2083 nec'sic
556 2015 714 2083 volueritis
724 2041 770 2082 rc-
818 2026 907 2080 trans
923 2014 1139 2082 Jordanemin
1152 2020 1238 2081 terrai
1250 2016 1370 2082 Amor·

235 2107 343 2195 cipere
359 2098 576 2193 disciplinam,
589 2106 643 2170 sed
663 2106 776 2171 ambu-
820 2102 914 2179 rhaei,
931 2116 992 2170 ete.
1011 2104 1033 2170 I
1035 2104 1102 2169 hid.
1130 2127 1180 2170 ιο.
1199 2105 1231 2169 6.
1252 2130 1284 2191 7.
1305 2109 1339 2170 8.

235 2193 374 2261 laveritis
388 2216 428 2258 ex
443 2192 576 2259 adverso
593 2193 671 2258 milri
692 2217 700 2259 τ
719 2217 778 2282 ego
823 2239 827 2250 .
866 2187 1068 2281 Rurslrmque
1086 2190 1144 2257 filii
1162 2192 1260 2257 lsruiil
1284 2193 1371 2259 seec-

235 2288 298 2372 quo
322 2304 362 2345 oe
398 2294 510 2347 contra
542 2304 599 2347 vos
629 2282 778 2347 advorslrs
822 2291 896 2343 runt
911 2278 1031 2345 melum
1052 2280 1084 2345 in
1106 2293 1284 2369 conspectu
1304 2282 1372 2346 Do-

234 2304 412 2448 incolam,
449 2382 481 2435 et
515 2371 690 2458 percutiam
723 2394 779 2436 vos
822 2367 919 2445 mini,
932 2369 986 2456 qui
997 2368 1129 2437 tradidit
1140 2392 1195 2434 cos
1207 2370 1240 2434 in
1252 2393 1373 2436 munus

236 2459 351 2546 septies
367 2471 499 2548 propter
515 2471 646 2546 peccata
662 2471 775 2524 vestra.
822 2454 1303 2547 philisthinorumquadraginta
1316 2482 1375 2524 an·

235 2545 355 2612 Ilasd.
378 2547 429 2611 25.
822 2543 989 2610 nislbid.
1021 2547 1068 2611 15.
1094 2568 1121 2611 1.

283 2633 378 2711 Quod
393 2634 420 2698 si
435 2632 545 2698 audire
562 2633 699 2699 nolueris
723 2658 780 2700 vo-
867 2633 943 2698 ldeo
963 2635 1061 2699 iratus
1072 2646 1120 2699 est
1135 2634 1225 2701 furor
1239 2635 1373 2701 Domini

239 2741 311 2784 cem
323 2720 450 2785 Domini
467 2722 524 2786 Dei
540 2722 607 2798 tui,
625 2735 661 2786 ut
675 2734 781 2788 custo-
822 2726 854 2791 in
870 2721 1025 2811 populum
1041 2745 1158 2799 suum,
1178 2735 1211 2788 et
1224 2725 1374 2789 extendit

237 2806 306 2871 dias
332 2818 364 2871 et
386 2807 482 2872 lacius
503 2811 608 2875 omnia
630 2811 779 2876 mundata
822 2833 954 2877 manum
984 2831 1074 2876 susm
1095 2834 1192 2898 super
1213 2835 1316 2887 eum,
1340 2825 1374 2877 et

241 2894 312 2981 ejus
335 2905 368 2959 et
388 2898 610 2974 caeremonias,
626 2921 704 2987 quas
720 2922 779 2987 ego
822 2899 977 2987 percussit
999 2921 1096 2964 eum:
1130 2911 1163 2963 et
1183 2901 1372 2966 conturbati

237 2981 389 3070 praccipio
415 2982 472 3046 tihi
497 2983 621 3059 hodie3
653 2987 781 3052 venient
822 2996 896 3051 sunt
928 2999 1053 3052 montes
1079 3037 1088 3061 ,
1118 2999 1151 3052 et
1179 2988 1263 3055 faeta
1295 3003 1373 3054 sunt

239 3091 336 3156 super
358 3081 390 3134 te
409 3091 518 3133 omncs
541 3069 781 3138 maledictiones
824 3073 992 3138 morticina
1004 3097 1130 3151 eorum,
1143 3077 1233 3163 quasi
1246 3090 1375 3143 stercus

240 3157 330 3232 istoe,
347 3168 379 3220 et
394 3155 634 3243 apprehendent
649 3171 691 3223 te.
718 3159 781 3222 llla-
824 3160 1164 3250 inmedioplutearum.
1186 3165 1223 3231 ln
1235 3165 1286 3231 lris
1301 3190 1374 3231 om·

239 3241 377 3310 ledictus
394 3243 503 3307 crisin
523 3245 669 3320 civitate,
686 3244 782 3311 mule·
823 3249 987 3316 nibusnon
999 3254 1372 3341 estarersusiurorejus,

239 3329 344 3396 dictus
369 3331 402 3396 in
429 3352 505 3417 agro
533 3353 542 3396 z
576 3330 780 3400 maledictum
823 3335 1121 3404 sedudhdcmanus
1134 3341 1206 3406 c'us
1226 3355 1370 3408 extenta.

239 3417 391 3483 horreum
413 3430 504 3482 tuum
519 3466 528 3493 ‚
549 3430 582 3482 ct
604 3419 781 3488 maledicte
822 3425 890 3491 lso.
904 3427 934 3491 5.
947 3427 997 3491 95.
1009 3427 1041 3490 V
1040 3365 1262 3496 idcetdcrcm.
1276 3433 1307 3495 5.
1317 3433 1373 3498 16.

236 3503 298 3571 reli
321 3516 458 3580 uectura,
472 3517 534 3570 etc.
546 3505 642 3572 Dent.
657 3512 708 3574 28.
729 3511 776 3576 15.
867 3512 896 3577 Ο
911 3535 1022 3580 mucro
1037 3515 1187 3594 Domini,
1204 3527 1375 3609 usquequo

241 3527 411 3657 Vidcetc.
432 3593 484 3658 56.
504 3614 572 3678 usq.
591 3594 636 3659 ad
650 3594 762 3684 [imm.
824 3623 888 3666 non
904 3602 1070 3688 quiesces?
1081 3603 1251 3692 ingredere
1266 3609 1302 3674 in
1316 3633 1376 3675 va-

286 3678 450 3765 lratusquc
482 3679 635 3747 Dominus
668 3697 779 3752 contra
824 3688 931 3775 ginam
961 3702 1074 3768 tuam,
1100 3693 1322 3782 refrigerare,
1344 3711 1381 3778 et¹

242 3765 366 3842 lsrael,
394 3766 524 3833 tradidit
540 3791 594 3832 eos
616 3772 648 3835 in
668 3795 779 3838 manus
824 3775 890 3841 sile.
915 3777 1084 3856 Quomodo
1104 3782 1271 3867 quiescet,
1297 3791 1375 3851 cirm

242 3853 458 3940 diripientium
492 3878 500 3918 :
539 3857 593 3942 qui
628 3874 779 3947 ceperunt
824 3864 978 3929 Dominus
987 3870 1372 3955 praecepcritciilercm.

243 3964 297 4006 eos
313 3991 321 4016 ,
347 3951 379 4005 et
394 3940 603 4010 vendiderunt
619 3945 777 4025 hostibus,
823 3954 876 4038 47.
893 3953 923 4016 6.
936 3977 965 4038 7.

244 4029 297 4116 qui
307 4027 556 4118 habitabantpet·
567 4053 677 4121 gyrum
692 4060 700 4101 :
717 4059 779 4103 nce
867 4037 1001 4126 Fugite,
1014 4041 1133 4110 salvate
1156 4048 1285 4115 animas
1308 4073 1379 4117 vcs-

273 1272 406 1341 Batiam
420 1286 466 1337 est
475 1293 573 1361 pterea
589 1270 726 1359 pcccati.
