2884 4725
230 288 295 351 528
490 285 568 351 Jtttt
620 308 624 315 “
1038 290 1117 357 tun

232 395 771 485 Josuedngrediminidemummu-
812 401 866 486 qui
889 411 938 465 est
966 399 1087 486 ubsque
1116 399 1233 489 eulpa?
1259 402 1356 481 Quud

231 486 316 555 lieris
337 487 511 553 meretricis
527 488 683 573 (Scilicet
702 486 770 554 Ru·
813 494 886 555 enm
912 487 1054 553 audisset
1085 488 1187 564 saut,
1216 489 1358 578 placatus

231 577 345 681 tat),
370 589 402 641 et
423 576 589 665 producite
615 600 705 652 eam,
737 591 769 642 et
813 600 890 665 rece
916 577 1084 651 tanache,
1109 578 1228 663 juravit
1247 607 1255 638 ι
1276 580 1362 646 Vivit

231 689 338 731 amnia
366 689 435 752 quae
461 663 542 730 illius
570 678 662 741 sunt,
687 666 770 731 sicut
813 666 987 740 Dominus,
1003 666 1077 751 quia
1095 690 1162 731 uun
1179 668 1358 733 occidetur.

230 753 275 821 itti
296 756 476 842 juramento
493 753 659 830 firmastis,
676 754 766 868 ltfrt.
811 755 832 820 1
836 754 901 819 tid.
925 777 974 839 ¹9·
993 754 1022 817 5.
1035 756 1065 819 6.
1081 755 1114 816 V
1115 756 1170 819 ide
1185 781 1216 819 c.
1235 760 1289 834 24,
1306 758 1358 821 25.

231 844 262 909 st.
280 866 330 911 sa.
812 869 839 907 e.
863 845 915 907 25.
940 844 992 920 54.

275 932 427 1019 Fecitque
443 930 540 995 Josue
555 953 630 996 cum
646 932 690 997 cis
707 934 717 1015 (
736 932 772 995 id
855 930 1365 1021 Pepigitlanathaufoeduseum

231 1034 276 1085 est
289 1021 503 1107 Gabaonitis)
522 1041 655 1107 pacem,
673 1033 703 1084 et
716 1021 772 1085 ini·
812 1019 928 1085 Dauid
942 1022 980 1081 ia
997 1020 1162 1093 Domino,
1179 1037 1213 1085 et
1221 1022 1365 1106 jurass-

229 1120 264 1173 to
281 1108 397 1175 saedere
435 1107 571 1174 allicitus
594 1119 660 1183 est,
681 1110 767 1195 qued
812 1107 1010 1173 ναηιαπιὺο.
1024 1107 1113 1173 latu.
1131 1131 1185 1173 so.
1204 1110 1275 1173 5...

231 1220 294 1261 non
330 1131 553 1261 occidirentur
581 1221 588 1253 τ
614 1198 771 1287 principes
857 1198 897 1260 Et
918 1196 1036 1283 ju'ruvit
1056 1196 1189 1261 etsaut
1219 1200 1361 1282 (scilicet

230 1284 771 1373 quoquemultitudiuisjuraveruut
812 1284 1031 1373 Pythoniaoe)
1061 1284 1093 1349 in
1119 1285 1287 1361 Domino,
1315 1287 1361 1351 di·

229 1376 284 1439 eis.
303 1374 392 1439 lttd.
410 1398 440 1460 9.
465 1377 512 1439 15.
813 1397 889 1439 cens
904 1398 911 1437 :
926 1374 1011 1439 Vivit
1023 1374 1197 1451 Dominus,
1212 1376 1290 1461 quia
1301 1399 1356 1439 nau

276 1462 321 1528 Ne
340 1470 505 1551 postquam
525 1464 713 1529 intraveritis
732 1462 771 1527 ad
813 1462 937 1527 eveniet
971 1462 1028 1525 tibi
1066 1462 1249 1550 quidquam
1288 1464 1355 1527 mali

231 1551 348 1617 Gentes
374 1550 486 1635 (dixit
505 1552 604 1617 Josac
623 1552 704 1639 siliis
718 1552 771 1617 ls-
813 1562 944 1637 propter
970 1551 1054 1615 hanc
1075 1572 1155 1615 rem.
1184 1551 1281 1616 Ibat
1305 1554 1353 1615 ss.

229 1642 335 1727 raet),
367 1662 436 1727 quae
470 1642 552 1705 inter
582 1664 636 1705 vos
659 1642 772 1705 suturas
818 1663 867 1703 ιο.
885 1638 1011 1703 Video.
1032 1640 1083 1703 50.
1107 1642 1159 1704 15.
1199 1686 1203 1691 -

196 1791 198 1797 .
230 1742 321 1806 sunt,
345 1728 457 1815 juretis
478 1730 511 1794 in
534 1730 663 1793 nomine
687 1730 773 1793 Dec—
859 1726 1005 1813 Cumque
1037 1728 1177 1792 venisset
1219 1729 1353 1793 universa

229 1842 301 1887 rum
318 1840 446 1891 aarum,
460 1829 491 1881 et
507 1816 648 1881 serviatis
664 1818 727 1892 eis,
740 1828 772 1882 et
813 1814 985 1881 multituda
1008 1816 1117 1881 cibum
1146 1840 1268 1903 capere
1289 1841 1355 1881 eum

231 1906 368 1973 adoretis
396 1904 485 1969 ilios:
505 1904 561 1969 sed
587 1903 773 1969 ad'haereatis
814 1904 932 1979 David,
950 1903 1035 1969 clara
1052 1905 1162 1969 adhuc
1177 1907 1235 1969 die
1250 1908 1357 1992 jurarit

229 1995 367 2060 Domino
388 1994 455 2085 Deo
475 2005 601 2057 vestro:
622 1994 706 2081 quud
729 1994 772 2058 t'e·
815 1992 929 2067 David,
944 1993 1051 2059 dicens
1065 2017 1074 2057 ε
1088 1994 1167 2057 ttaec
1178 1994 1357 2059 saciamini

230 2084 424 2168 cistisusquc
435 2082 466 2146 in
478 2080 564 2153 ,diem
574 2082 667 2147 hanc.
679 2081 768 2147 Ιὸἱά.
815 2082 989 2156 Dominus,
1005 2093 1039 2145 et
1050 2082 1119 2147 haee
1131 2080 1254 2158 addat,
1270 2084 1296 2148 si
1311 2105 1358 2147 aa

235 2175 285 2239 25.
299 2198 337 2261 ,7.
360 2175 389 2240 8.
811 2176 847 2235 te
862 2192 1011 2235 oceasum
1028 2169 1103 2237 sotis
1119 2182 1293 2257 gustarem
1307 2196 1360 2259 pa-

277 2262 469 2328 duravcrunt
491 2282 619 2346 quoque
641 2258 699 2325 srlii
730 2259 773 2324 ls·
815 2282 889 2323 nem
914 2257 963 2324 vei
985 2256 1080 2323 ¹aliud
1108 2259 1299 2348 quidquam.
1328 2286 1354 2323 s.

232 2349 296 2417 radi
313 2351 346 2418 in
370 2348 517 2437 Maspha,
539 2360 570 2414 et
591 2348 739 2416 dixerunt
762 2376 769 2408 :
813 2348 891 2502 Rufi.
913 2348 943 2413 ὅ.
968 2347 1018 2412 55.

890 2460 953 2502 unc

234 2439 345 2509 Nullus
358 2443 501 2506 nostram
515 2439 602 2504 dabit
614 2437 773 2505 filiisBen-
976 2437 1070 2524 igitur
1087 2459 1215 2525 surge,
1238 2452 1271 2503 et
1289 2461 1355 2526 pra

228 2530 333 2618 jamin
346 2528 386 2596 dc
402 2525 527 2594 filiabus
545 2528 608 2594 suis
619 2549 769 2591 uxorem.
815 2524 894 2590 cede
919 2525 988 2610 (ait
1001 2525 1089 2590 Joab
1104 2526 1224 2592 Dauid
1241 2527 1359 2618 lugenti

232 2618 346 2683 ludia.
369 2641 419 2684 21.
446 2641 471 2682 ι.
491 2614 586 2682 Filias
601 2617 685 2682 enim
704 2637 774 2680 nos
815 2628 955 2678 mortem
969 2613 1038 2700 fitis
1051 2613 1247 2700 Arnum).
1267 2629 1301 2678 et
1317 2614 1362 2678 at—

233 2719 299 2770 tras
321 2707 364 2772 eis
388 2705 463 2772 dare
487 2727 554 2775 ,nen
582 2727 773 2790 possumus,
816 2701 948 2789 loquens
960 2701 1087 2770 satisfac
1099 2704 1191 2767 serris
1209 2704 1272 2764 tuis
1287 2726 1299 2765 .·
1308 2703 1361 2786 ju-

234 2793 396 2858 cnustricti
422 2794 601 2878 juramento
625 2805 656 2858 et
679 2790 775 2858 male·
816 2814 853 2854 rc
876 2790 961 2855 enim
990 2790 1049 2855 tibi
1079 2813 1130 2878 pa·
1157 2789 1349 2861 Dominum,

235 2881 398 2956 dictione,
416 2889 477 2967 qud
497 2880 631 2946 diximus
651 2906 658 2938 ι
682 2879 775 2944 Male
816 2879 901 2965 qued
919 2880 943 2943 si
962 2901 1027 2942 non
1054 2878 1176 2952 exieris,
1197 2900 1239 2940 ue
1266 2899 1354 2940 unus

234 2969 337 3036 dictus
361 2969 416 3056 qui
438 2969 563 3054 dederit
586 2969 626 3032 de
650 2967 775 3033 filiabus
817 2967 945 3056 quidem
967 2989 1166 3037 remansurus
1186 2966 1228 3028 sit
1240 2977 1359 3030 tecum

234 3058 301 3124 suis‘
329 3079 460 3124 uxorem
490 3055 560 3124 titiis
592 3057 771 3143 Beniamin.
814 3069 912 3130 noete
934 3055 1023 3121 hac:
1045 3067 1078 3122 et
1101 3057 1189 3145 pejus
1212 3055 1276 3120 erit
1297 3054 1363 3120 hoe

234 3172 265 3212 u.
282 3149 338 3212 ad.
359 3147 495 3210 Vilica·
514 3171 542 3231 7.
698 3219 700 3224 ,
819 3146 895 3219 tibi,
917 3157 1012 3232 quam
1037 3145 1146 3210 omnia
1167 3142 1272 3216 mala,
1294 3167 1362 3230 qum

279 3237 319 3297 Et
331 3235 386 3298 viri
403 3232 499 3300 lsrael
510 3234 619 3298 sociati
631 3244 704 3299 sunt
716 3233 776 3296 sibi
818 3244 974 3298 venerunt
995 3244 1159 3320 superte,
1180 3234 1223 3296 ab
1240 3231 1363 3297 edules·

238 3323 373 3410 (Satist)
405 3323 436 3388 in
457 3323 510 3391 die
531 3321 776 3408 illatradjurevit
819 3322 923 3388 centia
944 3329 997 3386 tut
1024 3326 1123 3409 usque
1153 3322 1187 3385 in
1211 3344 1358 3410 presens.

234 3423 340 3476 autem
353 3410 430 3478 sant
445 3410 620 3499 populum,
640 3409 773 3476 dicens:
817 3410 907 3476 Ibid.
927 3434 976 3498 ¹9·
993 3435 1022 3496 7.
1037 3411 1124 3492 Vide
1137 3435 1166 3474 c.
1187 3433 1243 3474 ιιι.
1263 3434 1296 3474 u.
1316 3434 1361 3494 ¹7·

234 3497 421 3568 maledictus
448 3501 499 3564 vir
514 3501 568 3587 qui
601 3499 777 3566 comederit
861 3499 951 3568 Vade
974 3499 1040 3584 (ait
1059 3497 1205 3564 Nasium
1230 3500 1364 3565 Butu-

231 3613 350 3680 panem
385 3595 483 3675 usque
519 3588 558 3652 ad
588 3611 774 3676 vesperam,
821 3585 907 3672 bes),
934 3599 966 3651 et
994 3587 1161 3674 ingredere
1187 3586 1232 3650 ad
1258 3609 1363 3674 regem

236 3678 337 3744 donec
350 3675 772 3758 ulciscardeinimicismeis.
819 3675 939 3750 David,
955 3687 989 3739 et
1010 3675 1063 3740 die
1076 3674 1114 3740 'ei
1137 3697 1146 3738 :
1171 3674 1290 3740 Nonne
1313 3688 1361 3743 tu.

240 3791 267 3834 t.
286 3768 362 3857 Reg.
387 3769 435 3846 14.
458 3769 507 3844 nd.
641 3835 643 3840 ,
763 3838 765 3844 Ι
819 3763 1031 3838 Domine‚mi
1055 3787 1129 3839 rex,
1149 3763 1268 3850 jurasti
1291 3763 1362 3828 milti

281 3856 483 3942 Quareergc
500 3877 612 3940 peccas
635 3855 707 3938 (uit
721 3853 777 3917 la
820 3851 942 3918 ancilla
957 3865 1019 3916 tuae
1033 3902 1042 3929 ,
1055 3851 1165 3917 dicens
1183 3874 1191 3916 ε
1212 3850 1362 3918 sutomon

236 3933 355 4010 nutias
392 3945 513 4030 Santi)
555 3943 588 4007 iu
624 3942 778 4030 sanguine
819 3941 903 4007 tilius
928 3953 999 4006 tuus
1022 3941 1170 4043 regnabit
1187 3953 1265 4027 post
1290 3961 1357 4004 me:

237 4032 389 4110 innoxia,
412 4031 627 4100 interficiens.
648 4030 775 4109 Durid,
820 4043 852 4098 et
877 4028 1088 4123 ipsasedehst
1110 4029 1145 4096 in
1168 4027 1252 4096 sotio
1274 4026 1360 4097 mea?
