2884 4725
80 420 208 489 dicturus
219 444 303 488 sum.
318 424 340 490 I
342 427 371 488 b.
389 446 437 508 ¹7·
458 424 505 489 96.
528 423 559 487 V
559 424 614 491 iota
655 428 749 494 nibus
765 426 845 503 suis,
862 424 1024 495 benedixit
1039 427 1094 493 eis.
1112 428 1190 495 luc.

76 528 140 577 ctu.
160 534 209 575 9ο.

113 599 170 663 Per
182 597 409 687 memetipsum
427 598 545 683 juravi,
563 600 612 665 di-

72 689 110 752 cit
124 687 280 753 Dominus
295 712 304 752 :
323 688 396 775 quia
413 687 515 753 fecisti
529 688 614 755 hanc

69 800 152 851 rem,
169 787 201 839 et
212 799 281 841 non
293 776 466 865 pepercisti
478 775 546 841 tilio
555 789 612 842 tuo
683 838 687 847 .

68 862 226 953 unigenito
267 876 379 951 roptcr
394 888 467 941 me,
484 865 614 930 benedi·
699 862 890 929 Hubitncuia
911 877 1017 930 eutem
1039 864 1197 951 justorum

68 976 136 1019 cam
148 952 215 1017 tibi.
235 889 332 1017 ibid
354 976 405 1018 99.
426 954 475 1017 96.
655 952 897 1019 benedicentur.
914 954 1013 1019 Prou.
1033 954 1064 1018 5.
1083 953 1136 1020 55.

109 1040 284 1145 Apparuit
305 1040 403 1106 Isaac
422 1042 611 1115 Dominus,
701 1040 888 1107 Benedictio
899 1040 957 1105 Dei
969 1041 1002 1106 in
1014 1042 1197 1107 mercedem

66 1144 95 1193 et
109 1130 244 1195 attilii:
257 1128 451 1194 Benedicsm
464 1130 522 1194 tihi
537 1129 613 1195 :tibi
656 1131 733 1219 justi
749 1130 887 1195 festinat.
905 1129 1010 1195 Eccii.
1031 1153 1080 1195 99.
1098 1134 1149 1210 94.

65 1216 145 1282 enim
168 1231 201 1283 et
223 1214 341 1321 semini
363 1229 419 1282 tuo
438 1217 522 1281 dabo
542 1218 615 1282 uui·
702 1218 888 1283 Benedictio
898 1216 1199 1306 illiusquusissuvius

66 1304 421 1459 '‘Betzdsszdt
440 1303 616 1459 fidi.
658 1305 1084 1470 ¹⁰ee1ted.{⁹.c⁷,·
1100 1396 1197 1482 qe.

66 1496 118 1547 tuo
144 1505 266 1547 omnes
299 1493 409 1569 gentes
438 1493 549 1559 terrae,
580 1505 616 1548 eo
659 1483 776 1549 dextris
786 1483 857 1568 ejus
871 1495 965 1549 erunt
978 1507 987 1548 ε
1000 1483 1201 1559 Venite,be-

66 1571 147 1658 quod
171 1568 341 1636 obedierit
361 1568 522 1635 Abraham
547 1571 616 1636 voci
659 1571 778 1638 nedicti
803 1570 904 1637 Patris
927 1572 1016 1647 mei,
1040 1571 1199 1659 possidete

68 1683 169 1725 meae:
193 1672 231 1723 et
255 1656 441 1723 custodierit
461 1671 617 1747 praeeeptn
660 1672 807 1751 paratum
822 1659 911 1725 robis
929 1666 1200 1747 regnumdcons-

71 1747 617 1819 etmondatumee.etcaercmouias
661 1749 810 1815 titutione
825 1746 947 1813 mundi.
966 1748 1049 1815 Mat.
1072 1747 1123 1811 95.
1143 1748 1196 1827 54.
1220 1775 1222 1778 ’

73 1834 218 1925 iegcsque
245 1835 426 1900 servaverit.
447 1834 537 1900 Ibid.
563 1838 614 1901 96.
706 1834 1202 1925 Ιςὶιυ9ᾳιιὶθιίὶάοειιηι,199999.

71 1928 101 2003 4.
126 1928 156 1989 5.
176 1922 376 1990 Benedicem
394 1923 471 1999 tibi,
488 1936 520 1988 et
534 1924 618 1989 mul·
662 1925 809 1991 dicentur
831 1948 904 1991 cum
925 1923 1010 1991 fideii
1026 1923 1199 1991 Abraham.

74 2011 223 2101 tiplieabo
240 2035 348 2079 semen
362 2024 474 2088 tuum,
491 2025 620 2100 propter
663 2014 772 2079 Gabii.
787 2015 817 2080 5.
836 2038 867 2102 9.
1006 2044 1013 2051 ·

77 2124 200 2166 serrum
210 2124 318 2169 mcum
330 2101 506 2167 Abraham.
518 2126 551 2166 v.
565 2103 616 2179 94.
707 2100 897 2168 Benedictus
904 2102 990 2167 Deus
996 2115 1028 2167 ct
1037 2103 1131 2173 Peter
1141 2100 1204 2165 Do-

698 652 810 717 lustos
824 652 861 713 in
876 648 976 739 finali
992 649 1153 717 benedicet

852 738 995 825 judicio.

124 2189 621 2279 invocabuntquenomenmeum
665 2190 742 2255 mini
766 2192 864 2255 nostri
885 2191 961 2256 Jesu
979 2191 1097 2256 Christi
1118 2239 1127 2266 ,
1149 2189 1203 2273 qui

88 2298 178 2363 super
188 2276 266 2341 iiiios
277 2277 394 2355 lsruiii,
408 2290 441 2343 et
452 2300 512 2366 ego
522 2278 622 2343 bene·
664 2278 827 2344 benedixit
837 2302 894 2344 nes
906 2280 938 2343 in
954 2280 1040 2343 omni
1056 2277 1205 2343 benedic·

88 2363 193 2429 dicam
208 2367 259 2430 eis.
276 2367 302 2431 N
306 2391 371 2432 um.
391 2370 422 2432 6.
442 2390 494 2454 97.
666 2368 753 2434 tione
768 2366 920 2456 spirituaii
937 2368 969 2432 in
981 2366 1161 2432 coelestibus
1172 2368 1205 2431 in

133 2452 306 2556 Benediaeit
323 2455 484 2520 Dominus
501 2455 565 2520 loo
587 2457 624 2518 in
667 2456 804 2522 Christo.
825 2453 942 2545 Ephes.
966 2479 993 2518 1.
1009 2456 1039 2518 5.

85 2563 279 2646 mimi„
302 2564 434 2633 'Min'
463 2567 565 2630 qaam
588 2567 624 2608 m
668 2551 864 2652 Benedibcre
878 2579 1203 2646 dedetitomoDcum.

78 2652 264 2718 principie.
283 2627 357 2694 lot.
378 2634 429 2710 49.
450 2655 496 2696 99.
931 2663 938 2702 r

128 2717 293 2798 Quoniam
306 2719 621 2806 tubenedicesjusto.
713 2713 904 2781 Benedictus
931 2714 1017 2779 Deus
1041 2712 1208 2791 excelsus,

80 2807 183 2874 Psat..
200 2809 232 2872 5.
257 2807 307 2872 95.
671 2828 734 2892 quo
749 2815 955 2891 protegente,
972 2802 1078 2867 hostes
1095 2803 1127 2868 in
1145 2827 1210 2868 mu-

131 2898 293 2962 innocens
305 2897 455 2962 manibus
466 2908 497 2962 et
505 2893 627 2961 mundo
671 2893 765 2959 nibus
780 2891 937 2962 tuissent.
958 2891 1069 2956 Genes.
1085 2894 1132 2970 94.
1154 2914 1206 2956 9ο.

82 2985 197 3060 corde,
212 2985 267 3072 qui
285 3009 351 3050 non
368 2985 493 3072 accepit
505 2983 628 3048 invano
715 2976 1212 3066 Quisponteobtuiistisdelsreiii

84 3075 221 3139 enimam
243 3097 335 3138 susm
352 3111 395 3122 -·
411 3073 472 3138 Hic
495 3072 630 3160 accipiet
674 3069 794 3134 unimus
809 3079 927 3132 vestras
950 3067 990 3132 ed
1013 3066 1209 3154 periculum,

84 3161 626 3228 benedictionemeuomino.Psat.
675 3155 1124 3223 henedieiwuominodode.
1142 3157 1205 3220 5.9.

88 3252 132 3316 95.
152 3254 185 3330 4.
206 3252 238 3314 5.
720 3243 912 3310 Benedictus
947 3243 1099 3309 Deminus
1129 3245 1214 3309 Deus

125 3337 316 3404 Benedictio
329 3337 458 3402 Domini
471 3359 565 3425 super
577 3359 633 3402 ca·
676 3335 791 3409 hodie,
807 3333 861 3420 qui
885 3331 971 3397 dedit
991 3330 1093 3396 David
1114 3330 1215 3398 filium

91 3439 141 3510 put
160 3427 260 3512 justi:
282 3449 318 3490 os
337 3438 445 3490 eutem
461 3425 631 3514 impiorum
678 3421 952 3510 sapientissimum.
973 3421 1003 3484 5.
1027 3420 1104 3509 lieg.
1126 3423 1155 3485 5.
1183 3445 1212 3506 7.
1340 3483 1345 3490 ,

92 3517 188 3600 operit
199 3515 364 3603 iniquitas.
381 3514 481 3579 Prou.
502 3537 550 3579 ro.
570 3516 602 3579 5.
681 3510 766 3575 Vide
776 3511 806 3575 5.
816 3509 893 3600 Beg.
914 3511 944 3574 8.
969 3509 1016 3573 95.

136 3601 196 3680 Qui
222 3601 424 3690 vigilaverint
448 3601 489 3667 ad
515 3601 632 3679 illum,
724 3597 916 3664 Benedictus
946 3595 1103 3661 Dominus
1134 3594 1219 3660 Deus

90 3689 251 3756 invenient
261 3691 533 3757 benedictionem.
553 3691 631 3756 Ecc.
682 3685 779 3752 lsrael
791 3686 830 3750 ab
842 3697 961 3750 aetcrno
974 3685 1117 3786 usquein
1133 3695 1221 3746 aetcr·

89 3777 145 3842 59.
170 3781 220 3841 98.
682 3798 777 3850 num,
792 3788 824 3840 et
839 3774 923 3840 dieat
941 3794 1043 3838 omnis
1060 3768 1218 3858 populus:

133 3864 341 3932 Ascensum
365 3869 402 3934 in
429 3869 546 3934 coeium
564 3867 637 3932 Sai—
684 3853 795 3930 Amen.
810 3887 835 3927 9.
847 3862 996 3949 Paraiip.
1011 3861 1060 3926 96.
1080 3859 1170 3923 eeV
1172 3857 1224 3922 ide

83 3969 214 4026 vator,
237 3953 350 4020 educit
374 3955 551 4044 discipulos
567 3978 639 4022 suos
683 3967 713 4017 et
734 3977 759 4016 1.
783 3951 881 4018 Esdr.
898 3976 928 4035 7.
950 3972 1000 4033 97.
1025 3971 1054 4012 9.
1074 3945 1171 4012 Esdr.
1189 3947 1219 4006 8.

82 4047 123 4108 in
139 4041 346 4110 Bethaniam
359 4092 371 4118 ‚
383 4055 414 4108 ct
427 4043 554 4110 elevetis
570 4042 639 4108 md·
686 4042 716 4105 6.
735 4065 760 4105 c.
778 4065 809 4128 9.
823 4041 852 4104 5.
868 4037 944 4103 Tot.
956 4037 985 4099 5.
1008 4038 1055 4100 95.
1068 4059 1095 4098 c.
1107 4036 1136 4096 8.
1152 4055 1181 4115 7.
1194 4053 1220 4094 c.
