2884 4725
185 536 310 627 prolata
330 558 387 623 per
404 546 504 601 totam
522 534 652 614 Sacram
671 535 869 626 Scriptorum
887 534 1028 601 diductis
1050 546 1083 603 et
1104 530 1206 603 allatis
1221 532 1312 603 testi-

187 636 303 703 moniis
320 634 510 703 confirmare
530 658 570 701 ac
593 636 745 726 exemplis
764 636 877 703 divinis
899 635 1133 705 illustraretur
1152 634 1216 703 sire
1237 660 1310 703 vera

186 737 343 803 sententia
359 736 512 814 eruenda,
530 735 728 826 explicanda,
744 738 975 816 confirmanda,
988 750 1044 805 aut
1051 737 1203 827 exemplis
1213 739 1310 805 saeris

185 834 371 913 illustranda
384 837 507 913 veniat,
521 838 585 903 sive
593 837 783 931 multiplices
794 862 939 906 errorum
947 836 1121 929 labyrinthi
1133 852 1165 905 et
1172 838 1311 905 tenebre

187 936 372 1026 detegendo
383 960 421 1003 ac
433 936 632 1027 detergendas
643 940 725 1015 sint,
738 963 816 1027 quas
825 942 1005 1029 turpissima
1017 954 1133 1007 satanae
1140 939 1311 1028 mancipia,

188 1049 220 1103 et
237 1037 387 1127 mastigiae
403 1039 435 1103 in
447 1046 585 1107 extremi
602 1039 663 1107 hac
674 1040 787 1107 mundi
802 1043 993 1108 senescentis
1004 1053 1193 1133 tempestate
1207 1040 1313 1106 oll'un-

187 1137 412 1215 deresolent,
435 1149 576 1203 mentem
595 1139 714 1216 simul,
738 1153 770 1205 et
791 1140 900 1207 oculos
922 1167 979 1230 per
1007 1166 1117 1209 omnes
1141 1142 1313 1230 Scripturas

184 1237 293 1329 'Sacrae
308 1235 413 1313 locos,
430 1239 524 1305 certis
546 1241 634 1326 quasi
651 1240 787 1329 capsulis
808 1240 966 1319 inclusos,
991 1241 1078 1309 nullo
1100 1242 1227 1334 negotio
1246 1242 1311 1306 cir·
1396 1257 1398 1260 “

187 1336 398 1415 cumducere,
412 1351 444 1405 et
456 1341 626 1428 ancipitem
639 1339 728 1405 illurn
741 1348 841 1430 usque
853 1342 893 1407 ad
902 1340 1088 1409 divisionem
1096 1344 1207 1408 animae
1219 1338 1313 1407 simul

184 1452 220 1507 ‚et
240 1440 366 1528 spiritus
386 1440 619 1528 pertingentem
642 1442 730 1506 verbi
755 1440 851 1508 divini
872 1441 1011 1531 gladium
1039 1444 1156 1529 (llebr.
1179 1446 1212 1522 4.
1236 1445 1309 1528 ra.)

184 1563 438 1628 quaquaversum
450 1542 604 1630 stringere
616 1543 727 1631 possis.
739 1543 771 1608 Si
785 1544 844 1620 vis,
858 1542 993 1633 exempli
1005 1546 1117 1631 gratia,
1132 1542 1312 1632 Theologus

185 1640 338 1723 disserere
358 1642 398 1707 de
426 1641 592 1708 Attributis
619 1643 757 1716 divinis,
781 1642 820 1707 de
846 1644 986 1708 trinitate
1009 1644 1247 1722 Personarum,
1273 1642 1312 1708 de

186 1740 408 1810 incarnatione
424 1743 559 1821 Christi,
578 1743 617 1809 de
633 1744 770 1831 Spiritus
788 1744 897 1810 Sancti
914 1743 1119 1811 Processione
1135 1752 1152 1809 h
1169 1745 1263 1811 Patre
1281 1756 1314 1811 et

184 1840 284 1919 Filio,
306 1855 367 1909 etc.
394 1844 504 1910 evolve
526 1843 632 1909 titulos
649 1845 775 1919 :Deus,
799 1844 968 1917 Christus,
991 1844 1138 1931 Spiritus
1154 1846 1311 1920 Sanetus,

184 1954 244 2009 etc.
268 1954 300 2009 et
322 1945 462 2009 invenies
483 1944 567 2010 dicta
588 1956 620 2009 et
641 1956 828 2033 argumenta
850 1943 993 2018 Biblica,
1017 1956 1173 2031 quotquot
1191 1944 1232 2008 de
1254 1946 1312 2009 ista

184 2046 316 2109 materia
333 2045 365 2108 in
383 2044 554 2133 Scripturis
572 2046 678 2111 Sacris
693 2058 812 2112 extant.
831 2046 929 2113 Visne
950 2045 990 2110 de
1001 2045 1170 2109 virtutibus
1186 2057 1218 2108 et
1232 2046 1313 2111 vitiis

185 2143 281 2209 verba
305 2144 411 2209 lacere
432 2144 617 2211 bloralistai
639 2170 745 2234 quaere
768 2145 878 2211 titulos
898 2168 1081 2236 congruos,
1104 2157 1138 2210 et
1159 2145 1233 2210 satis
1255 2145 1313 2210 tibi

184 2244 325 2334 undique
346 2246 413 2312 fiet.
436 2247 533 2314 Visne
552 2246 840 2313 controversiarum
860 2260 985 2312 amator
1002 2270 1040 2313 ac
1057 2245 1216 2311 studiosus
1235 2245 1313 2311 arti·

185 2348 293 2416 culum
318 2363 559 2418 controversum
585 2349 775 2428 enucleare,
802 2364 835 2417 et
851 2376 893 2416 ex
909 2350 1081 2439 Scripturis
1104 2349 1136 2416 S.
1163 2349 1313 2417 demons-

184 2464 269 2520 trare
289 2452 329 2519 de
348 2453 552 2543 Purgatorio,
572 2449 612 2519 de
634 2453 836 2519 invocatione
851 2453 1060 2529 Sanctorum,
1090 2452 1130 2519 de
1143 2453 1253 2529 Missi,
1273 2452 1313 2517 de

184 2554 328 2620 oratione
352 2555 441 2620 llexis
463 2557 617 2644 genibus,
640 2567 671 2620 et
691 2554 737 2621 sie
757 2553 797 2619 de
815 2554 908 2620 aliisi
933 2555 1042 2621 evolve
1060 2554 1187 2631 titulos,
1209 2565 1241 2618 et
1261 2552 1313 2616 in-

183 2654 289 2718 venies
314 2655 421 2718 omnia
440 2667 598 2742 praetensa
617 2655 714 2721 clara.
735 2657 775 2720 Et
795 2657 842 2722 sic
864 2658 924 2722 erit
947 2658 979 2722 iu
996 2658 1142 2724 omnibus
1162 2650 1313 2718 Faculta-

184 2753 268 2818 tibus
296 2766 328 2818 et
356 2755 559 2820 scientiarum
590 2757 782 2844 generibus3
814 2757 966 2847 Physicus
993 2756 1131 2822 inveniet
1155 2751 1312 2818 elementa

183 2868 336 2942 quatuor,
353 2867 384 2919 et
400 2855 554 2944 quidquid
575 2855 652 2922 alias
670 2857 702 2923 in
724 2857 787 2924 hoc
805 2857 969 2922 sublunari
989 2855 1148 2926 occurrit;
1169 2851 1311 2918 Casuista

184 2954 224 3020 de
243 2955 462 3031 restitutione,
488 2955 527 3019 de
544 2957 774 3033 sacramentis,
792 2970 823 3022 et
840 2955 978 3042 reliquas
1002 2967 1035 3018 et
1049 2953 1178 3019 tandem
1195 2951 1313 3020 Orator

184 3067 215 3121 et
230 3055 445 3121 Concionator
462 3055 501 3120 de
518 3057 606 3120 omni
622 3055 718 3122 dabili
734 3057 865 3120 materia
879 3053 1014 3142 reperiet
1026 3052 1110 3119 dicta
1122 3065 1154 3120 et
1168 3051 1311 3142 exempla

185 3154 305 3222 Biblica
322 3155 476 3246 plurima,
493 3167 526 3220 et
541 3153 663 3242 singula
680 3155 713 3219 in
730 3177 820 3219 sacro
836 3166 924 3219 textu
940 3154 1103 3242 utriusque
1119 3153 1320 3230 Testamenti,

183 3269 345 3324 contenta.
367 3257 402 3330 ln
416 3262 558 3331 summit,
575 3255 637 3320 hoc
653 3278 733 3342 opus
748 3253 827 3320 nihil
843 3255 1003 3333 continet,
1020 3255 1107 3345 quod
1124 3278 1188 3321 non
1203 3254 1243 3320 ad
1259 3254 1312 3320 de·

182 3370 328 3447 pravatos
345 3356 509 3421 hominum
522 3378 626 3420 moros
643 3353 862 3444 corripiendos
879 3369 912 3421 et
926 3355 1226 3445 reprehendendos,
1242 3369 1311 3422 tum

185 3458 224 3524 ad
239 3457 336 3524 iidem
354 3457 469 3522 Christi
480 3455 718 3545 propagandam
731 3469 762 3522 et
775 3455 1012 3534 illustrandam,
1026 3469 1120 3545 atque
1132 3455 1266 3522 hereses
1277 3469 1311 3521 et

185 3572 285 3627 sectas
300 3559 426 3625 mternis
441 3558 579 3623 tenebris
595 3557 756 3623 abdendas
773 3569 805 3644 et
824 3557 1049 3633 reservandas,
1070 3553 1310 3622 contundendas

184 3673 215 3727 et
230 3659 444 3749 infringendas
463 3658 637 3747 plurimum
653 3657 764 3724 valeat.
786 3659 820 3724 Si
836 3657 926 3724 daret
941 3659 1027 3723 Deus
1042 3670 1187 3745 tempus,
1207 3658 1311 3733 vires,

183 3775 214 3828 et
237 3785 345 3835 arma,
371 3760 551 3826 Thesaurus
574 3758 702 3849 quidem
721 3757 832 3824 similis
859 3758 1042 3825 Putristieus
1062 3757 1174 3823 iisdem
1197 3755 1310 3823 Titulis

184 3864 357 3929 instructus
376 3875 409 3926 et
428 3860 714 3936 subdivisionibus,
737 3860 813 3925 item
830 3850 1011 3925 Thesaurus
1028 3860 1179 3948 profanus
1194 3869 1226 3924 et
1242 3857 1310 3923 his-

183 3965 302 4030 toricus
315 3965 346 4029 in
363 3962 468 4029 lucem
485 3960 613 4051 prodire
626 3971 733 4048 posset
750 3983 758 4023 ε
777 3983 884 4027 nonne
898 3967 974 4026 verb
988 3957 1091 4028 ethis
1107 3961 1206 4026 tribus
1222 3957 1309 4024 'l’he-

185 4066 302 4141 sauris,
317 4063 459 4139 Biblica,
474 4062 655 4138 Patristico,
671 4073 702 4126 et
714 4060 872 4127 llistorico
887 4060 973 4127 mille
988 4074 1019 4127 at
1034 4060 1118 4127 mille
1129 4061 1307 4132 discursus,
