2884 4725
362 288 393 361 ll
638 330 648 357 r
864 292 937 361 ΗΜ
1140 295 1159 361 5

27 458 36 521 t
87 290 512 496 utaperueritmiliijanuem,
525 407 618 472 intra·
661 390 866 562 ejusploub.
883 412 895 497 )
913 408 1045 497 pacifice
1064 392 1106 476 ad
1120 322 1203 474 inii7

85 493 617 572 boadillum,etooenabocumillo,
661 520 724 563 ros.
763 492 868 587 λιες.
882 520 911 565 r.
924 499 955 563 6.
1106 510 1111 520 ’

27 577 35 669 r
84 594 115 649 et
129 583 194 672 ipse
207 582 344 653 mecum.
363 585 465 683 Apoe.
482 585 512 650 5.
528 584 577 649 aar
705 585 738 651 Si
760 587 958 663 sustinuero,
979 585 1120 651 inlernus
1146 585 1202 651 do-

660 696 731 741 mus
755 696 826 739 mea
850 688 916 751 est,
947 686 980 740 et
1005 673 1201 739 intenebris

660 762 754 827 stravi
766 760 918 828 lectulum
933 784 1050 828 meum.
1062 760 1127 826 tot
1148 785 1197 847 ¹7·

125 848 165 911 Et
194 846 367 926 deficiens,
399 862 543 913 mortuus
572 858 620 913 est
665 851 714 916 ιδ.

84 934 619 1025 (Αὸνεῆαπι)ἱῃεεηεειυιεὴοηιῑ,
714 936 823 1003 Nudus
847 950 895 1002 est
920 937 1061 1002 infernus
1091 957 1200 1002 coram

27 1064 39 1109 p
80 1026 299 1113 provectaeque
314 1026 438 1102 aetatis;
458 1038 489 1089 et
505 1023 620 1113 plenus
660 1024 774 1101 ill'o,et
784 1024 907 1090 nullum
914 1023 1200 1113 estoperimentum

81 1110 204 1176 dierum
230 1136 238 1178 :
269 1126 543 1201 congregatusque
573 1124 620 1177 est
659 1109 839 1202 perditioni.
858 1113 947 1178 thid.
967 1114 1019 1177 ab.
1035 1114 1066 1177 6.

27 1202 38 1241 ι
80 1197 121 1263 ad
136 1196 289 1288 populum
304 1224 406 1265 suum.
423 1202 502 1265 Gen.
521 1202 570 1265 25.
585 1202 616 1265 8.
705 1200 961 1289 lusuperetcnro
975 1201 1201 1288 mensequies-

27 1290 38 1331 ι
80 1286 295 1354 natantium
311 1287 620 1354 annivitaelsmse'lis
661 1300 712 1355 εει
734 1288 767 1353 in
783 1312 865 1377 spo:
888 1289 1037 1378 quonium
1059 1310 1122 1355 non
1143 1288 1201 1352 de·

28 1382 38 1457 [¹
78 1384 209 1439 centum
228 1378 355 1465 triginta
375 1390 518 1464 septem,
541 1376 620 1443 defi-
659 1376 818 1465 relinques
834 1378 969 1442 animem
985 1398 1089 1441 meam
1100 1377 1133 1441 in
1149 1377 1201 1441 in-

27 1470 39 1511 t
77 1461 227 1551 cionsque
240 1477 384 1531 mortuus
399 1478 464 1541 est,
481 1478 513 1531 et
525 1488 620 1555 appo-
660 1466 769 1540 forno,
783 1465 940 1531 necdahis
953 1476 1098 1531 sanctum
1109 1475 1201 1529 tuum

27 1558 37 1605 t
78 1551 156 1616 situs
176 1550 215 1615 ad
232 1552 384 1656 populum
400 1574 502 1619 suum.
517 1578 549 1619 u.
567 1572 615 1640 17.
661 1554 767 1619 videre
782 1553 1029 1641 corruptionem.
1043 1552 1131 1617 Paul
1147 1554 1197 1617 15.

30 1650 37 1689 ¹
122 1638 235 1704 Frater
253 1664 322 1727 epus
341 1653 484 1706 mortuus
500 1654 569 1717 est,
587 1654 620 1706 et
661 1666 691 1730 9.
716 1664 765 1708 10.

27 1748 36 1783 u
78 1726 145 1830 ipso
165 1726 386 1829 (Benjnmin)
401 1728 484 1793 solus
496 1751 619 1795 reman—
703 1730 870 1804 infernus,
891 1740 923 1795 et
938 1726 1075 1815 perditio
1091 1750 1200 1793 coram

28 1831 34 1867 t
77 1825 138 1879 sit:
156 1838 180 1879 sr
200 1814 275 1903 quid
286 1817 315 1880 ei
332 1814 452 1881 adversi
467 1817 619 1903 acciderit
659 1818 813 1883 Domino:
828 1822 946 1907 quanto
960 1814 1201 1903 mugiscordnfi·

27 1923 34 1963 r
78 1903 110 1967 in
127 1908 228 1979 terri,
246 1903 392 1991 adquam
407 1906 534 1993 pergitis
544 1954 552 1976 .
564 1904 618 1970 de·
657 1904 1072 1971 liorumhominumil'reo.
1088 1906 1135 1969 15.
1147 1927 1157 1968 1
1169 1929 1196 1969 ι.

34 2036 38 2043 -
77 1990 198 2055 ducetis
214 2012 308 2055 canos
322 2016 493 2059 meoscnm
507 1994 616 2059 dolore
666 2020 669 2027 ⁴
700 1994 877 2060 Penetrnbo
903 2016 1013 2058 omnes
1035 1992 1200 2057 inferiores

27 2088 29 2107 ¹
73 2078 115 2141 ed
129 2078 256 2155 inferos.
274 2080 427 2160 Itium.
442 2082 494 2147 58.
512 2081 533 2147 1
537 2097 611 2148 tem.
657 2094 761 2169 partes
780 2095 889 2155 terrae,
907 2093 938 2145 et
949 2079 1115 2167 inspiciam
1127 2102 1199 2141 om-

76 2191 102 2230 o.
121 2168 176 2246 44.
198 2189 249 2253 ap.
656 2192 712 2233 nes
722 2168 978 2244 dormientes,et
1011 2165 1198 2231 illuminabo

117 2252 251 2343 Pergat‚
265 2254 366 2342 inquit
381 2256 616 2341 (Dominusad
657 2278 767 2319 omnes
791 2266 951 2341 sperantes
982 2255 1015 2320 in
1045 2253 1193 2320 Domino.

73 2341 208 2434 Moysen
224 2344 262 2430 l,
284 2341 389 2408 Aaron
418 2342 458 2408 ed
480 2342 615 2433 populos
656 2343 761 2409 Eruli.
784 2347 834 2422 24.
852 2345 905 2421 45.
1015 2383 1019 2394 ·

73 2453 168 2496 suos:
185 2431 343 2496 nonenim
357 2431 486 2495 intrabit
499 2444 614 2497 terram
701 2432 769 2498 Nou
779 2442 826 2495 est
836 2431 921 2494 enim
931 2429 963 2493 in
972 2427 1194 2495 infernoaccu·

71 2541 170 2606 quam
198 2518 270 2604 (ledi
285 2518 357 2584 liliis
377 2518 483 2585 lsrs'e‘l.
510 2521 610 2588 Num.
656 2521 735 2585 satio
750 2518 830 2585 vitae.
848 2517 938 2583 ltin.
957 2519 1011 2595 4ι.
1029 2541 1059 2602 7.

219 742 330 791 nnus
345 745 479 791 rmum

27 844 36 881 l

72 2630 121 2674 no.
141 2611 197 2687 ab.
699 2608 868 2696 Propterea
885 2603 1026 2693 dilatavit
1053 2603 1194 2668 infernus
1309 2593 1314 2603 ’

113 2698 265 2784 Cumque
284 2695 398 2761 videris
416 2719 487 2761 eam
506 2697 613 2782 (soili-
654 2697 791 2762 animam
818 2691 931 2769 sua'm,
958 2704 990 2756 et
1014 2691 1136 2778 aperuit
1158 2715 1193 2757 or

70 2800 116 2848 cet
131 2802 273 2859 terram,
288 2807 389 2870 quum
399 2784 613 2850 detonuerunt
654 2807 746 2850 suum
755 2786 874 2872 absque
882 2780 947 2847 ullo
959 2780 1094 2846 termino
1106 2824 1115 2856 ,
1128 2790 1190 2847 etc.

69 2871 155 2959 filiis
182 2871 305 2946 lsrael,
334 2873 427 2937 uiuit.
451 2871 614 2938 Dominus
653 2873 720 2939 lau.
741 2875 771 2937 5.
797 2875 844 2952 ι4.

70 2962 116 3024 ud
129 2959 313 3050 Moysen),
336 2961 396 3025 ibis
411 2971 443 3026 et
456 2972 491 3025 tu
503 2961 543 3026 ad
559 2983 613 3049 po·
697 2961 881 3050 Loquentur
915 2960 944 3024 ei
986 2957 1193 3046 potentissimi

69 3047 185 3135 pulum
201 3059 291 3113 tuum
308 3098 317 3124 ‚
332 3050 412 3115 sicut
439 3049 493 3114 ivit
516 3049 613 3114 frater
653 3052 855 3116 robustorum
868 3047 908 3111 de
928 3047 1033 3111 medio
1057 3046 1190 3121 inferni,

70 3147 146 3202 tuus
163 3133 279 3201 Aaron.
295 3135 385 3202 ltid.
402 3160 452 3223 27.
474 3139 522 3203 154
653 3140 706 3227 qui
715 3161 789 3204 cum
799 3135 1035 3202 auxiliatoribus
1043 3134 1192 3221 ejusdes-

117 3222 277 3290 Ulciscere
305 3225 392 3312 prins
410 3224 490 3292 filios
516 3224 612 3291 lsrael
653 3227 852 3299 cenderunt,
876 3235 908 3289 et
924 3223 1121 3287 dormierunt
1139 3223 1191 3287 in-

73 3312 188 3397 (uteie
201 3311 363 3378 Dominus
384 3313 429 3378 ud
449 3315 609 3401 Moron)
654 3313 832 3381 circumcisi
854 3364 863 3388 ,
883 3309 1040 3377 interlecti
1069 3309 1185 3398 gladio.

72 3401 113 3465 sle
128 3398 329 3475 Madianitis,
350 3413 381 3465 ει
396 3401 441 3467 sio
457 3387 611 3490 colligeris
653 3402 768 3468 Erech.
785 3403 905 3466 5221.
1208 3427 1214 3433 ·

75 3487 607 3576 adpopulumtuum.lbid..⁷›1.a.
696 3491 744 3555 De
775 3514 873 3555 manu
907 3487 1017 3552 mortis
1047 3485 1189 3551 liberabo

111 3578 272 3642 ¹Dominus
288 3577 518 3654 mortificat,et
533 3579 610 3643 vivi·
653 3601 728 3654 eos,
744 3578 784 3643 de
802 3589 906 3643 morte
928 3574 1082 3639 redimam
1107 3597 1162 3640 eos
1179 3597 1189 3638 τ

74 3661 152 3728 licat
167 3687 174 3728 :
191 3665 321 3732 deducit
336 3661 375 3731 ad
388 3666 504 3731 inferos
522 3679 554 3731 et
566 3691 612 3731 re·
653 3688 707 3731 ero
720 3689 806 3732 mors
822 3679 894 3741 tua,
910 3666 929 3728 b
946 3685 1031 3728 mors
1041 3684 1190 3739 ,morsus

72 3751 173 3815 ducit.
196 3776 223 3818 ι.
240 3755 314 3845 ling.
331 3778 359 3820 a.
374 3755 405 3819 6.
423 3755 453 3817 V
456 3755 508 3819 tcta
531 3754 608 3819 Tot.
651 3767 725 3820 tuus
748 3778 823 3830 ero,
848 3755 970 3818 inferne
989 3775 997 3815 :
1017 3749 1192 3815 consolatio

79 3839 131 3902 ¹5·
154 3861 183 3904 ²·
654 3843 838 3908 abscondita
864 3855 911 3907 est
926 3841 965 3906 ab
982 3837 1082 3903 oculis
1099 3837 1187 3903 meis.

117 3925 228 3991 Facies
240 3937 314 4017 ergo
329 3931 414 4016 juxta
428 3932 612 4019 sapientiam
654 3933 745 3998 0³0ae
763 3931 810 3995 15.
833 3934 881 4010 ι4.
901 3943 906 3953 ’

71 4027 161 4083 tuam
175 4026 232 4174 ,Ἱει
242 4039 305 4082 non
315 4019 456 4172 pleduces‘
466 4020 612 4087 canitiem
698 4020 746 4086 Tu
762 4041 886 4106 quoque
905 4019 939 4084 ln
958 4015 1111 4165 sangspina
1126 4023 1190 4076 tes·

213 4126 291 4171 onus
331 4153 339 4171 .
1065 4125 1083 4186 7
