2884 4725
216 295 256 356 -6
1015 286 1095 355 ΒΑΒ

218 344 381 466 lihnldaeos
395 448 404 474 ‚
420 409 546 484 gentem
562 418 700 462 amoram
718 409 750 461 et
791 401 1084 469 Nabuchodonosor
1110 403 1167 468 reis
1192 403 1357 493 Babylo-

214 488 383 561 veloeem,
414 484 625 549 ambulantem
656 507 751 575 super
789 491 895 564 nis‚et
906 489 1035 578 alligans
1045 514 1119 556 eum
1128 492 1161 557 in
1172 508 1254 556 aereo
1263 494 1353 559 vin·
1411 543 1412 548 η

210 574 413 640 'latitudinem
423 585 533 648 terrae,
548 585 583 637 ut
592 573 750 660 possideat
791 577 875 656 culo,
888 578 1035 667 perduxit
1047 580 1082 644 in
1098 578 1325 668 Babyloniam
1337 632 1350 657 ,
1411 573 1413 704 l

217 661 421 727 tabernacula
447 685 509 727 non
530 684 595 726 sua.
618 662 745 741 Habeo.
790 678 851 732 etc.
871 668 969 732 Esdr.
994 692 1019 731 r.
1039 670 1092 746 4ο.

219 776 245 815 ¹⁰
260 753 391 927 gomer
411 853 560 927 peccam.
586 862 655 927 quw
674 862 752 927 pec·
791 805 891 869 Finis
907 804 1110 891 captivitatis
1120 807 1351 893 praecinitur

214 926 313 994 castis'
328 934 400 995 ante
414 928 532 1001 Deum,
550 925 751 992 abducemini
927 891 1186 982 ‘'Pl'‘'l’mm''

215 1018 246 1081 in
261 1016 453 1105 Babylonem
466 1016 599 1104 captivi,
613 1024 629 1080 a
648 1015 752 1081 Nabu-
837 1024 876 1086 Et
891 1022 1083 1089 recordabor
1099 1024 1316 1090 soederismei
1332 1077 1344 1100 ‚

214 1104 413 1169 ehcdonosor
451 1128 524 1193 rege
566 1102 753 1191 babylonio
792 1111 878 1199 quod
893 1133 932 1199 pe
955 1111 997 1199 igi
1009 1135 1083 1176 eum
1095 1112 1209 1187 Jacob,
1225 1112 1343 1187 lsaac.

207 1205 363 1270 rum‚etc.
385 1193 566 1259 Berueltb.
586 1216 612 1257 1.
793 1211 825 1263 et
852 1134 1011 1264 Abrabam
1037 1224 1045 1265 :
1077 1212 1171 1265 terroe
1203 1208 1345 1291 quoque

794 1312 916 1354 memor
927 1312 991 1353 ero.
1007 1288 1101 1353 lauit
1118 1290 1168 1353 ab.
1184 1292 1238 1368 42.

838 1376 947 1463 lbique
959 1377 1097 1441 servietis
1114 1376 1184 1452 diis,
1201 1379 1256 1465 qui
1278 1378 1345 1442 bo-

794 1466 914 1529 minum
942 1464 1201 1531 manufabricati
1232 1479 1342 1541 sunt,

256 1556 391 1620 Joattm
410 1558 553 1622 triennio
568 1559 668 1623 servit
682 1556 754 1643 regi
794 1552 916 1641 lignoet
934 1552 1043 1640 lapidi,
1059 1554 1112 1639 qui
1128 1575 1192 1620 nou
1206 1554 1341 1630 vident,

213 1644 423 1735 Babyloniae,
442 1645 684 1710 deindecarios
695 1668 753 1731 pa·
794 1664 854 1706 nee
873 1640 1029 1716 audiunt,
1058 1665 1119 1707 nec
1143 1643 1339 1716 comedunt,

213 1735 751 1819 titurbztruneulos;quomertuo,
793 1729 1341 1818 necodorantur.Gbmquequaesie·

212 1821 354 1885 succedit
372 1821 463 1910 filius
486 1822 639 1895 Joalcim,
657 1844 753 1906 quem
793 1819 836 1882 ris
851 1818 894 1883 ibi
910 1818 1081 1883 Dominum
1098 1818 1201 1885 Deum
1216 1831 1337 1894 tuum,

214 1930 289 1971 oum
301 1906 460 1972 thesauris
472 1908 583 1997 templi
591 1909 754 1973 aeduensis
794 1907 932 1971 invenies
958 1930 1050 1972 eum:
1075 1908 1100 1972 si
1126 1918 1234 1971 tamen
1263 1919 1338 1972 toto

212 1996 329 2083 regim,
349 1996 562 2081 universoque
571 1996 684 2061 robore
696 1996 754 2061 lte-
793 1994 890 2059 corde
904 1995 1079 2081 quaesieris,
1093 2006 1125 2059 et
1139 2000 1206 2062 tott
1223 1996 1338 2061 tribu-

214 2084 752 2154 bitetorumJerusalemducitllla-
794 2082 910 2147 latione
936 2084 1047 2149 animae
1073 2095 1144 2150 tuae.
1170 2084 1266 2150 Dent.
1299 2088 1330 2162 4.

208 2170 454 2261 pucbodonosor
474 2173 511 2234 ite
531 2172 749 2262 Babylonem,
796 2173 845 2236 28.
891 2202 895 2212 ¹

211 2257 344 2346 suffecto
356 2260 393 2322 in
408 2282 517 2350 regem
533 2260 622 2327 illius
633 2276 754 2349 patruo
835 2259 918 2324 (llum
930 2282 1071 2325 reversus
1083 2261 1178 2326 fueris
1191 2260 1230 2324 ad
1242 2284 1331 2333 eum.

187 2357 189 2362 '
212 2347 401 2422 Muttonis,
411 2350 644 2434 quemueeovlt
659 2348 753 2416 Sede
793 2359 825 2413 et
839 2346 995 2414 obedieris
1004 2350 1073 2438 ejus
1085 2348 1237 2439 imperiis,
1251 2350 1335 2416 sicut

212 2437 748 2528 55544863.94]]ἱάιιεοαρ55.
793 2460 810 2501 e
832 2461 851 2501 o
875 2436 972 2503 bodie
986 2439 1134 2526 praecipio
1157 2438 1237 2513 tibi,
1255 2462 1332 2503 eum

225 2525 572 2617 ,Adduxiteninrsuper
583 2549 752 2616 eosregem
793 2461 865 2591 filiis
881 2526 963 2601 tuis,
975 2537 1007 2590 et
1022 2526 1135 2591 intoto
1147 2527 1244 2591 eorde
1260 2538 1330 2601 tuo,

215 2613 459 2691 chaldeorum,
480 2627 512 2680 et
531 2616 689 2681 interfecit
704 2616 752 2703 ju·
793 2627 824 2678 et
847 2616 878 2680 in
895 2620 961 2678 tctd
984 2616 1087 2678 enimi
1102 2619 1176 2678 tud:
1199 2614 1332 2679 reducet

212 2723 306 2765 venes
334 2725 446 2766 eorum
469 2703 631 2792 gladio'in
655 2703 752 2769 domo
792 2703 946 2768 Dominus
967 2702 1053 2766 Deus
1074 2714 1146 2766 tuus
1170 2703 1334 2790 captivita-

214 2790 384 2854 sanetuarii
400 2791 447 2856 sui
467 2816 474 2856 ε
498 2815 562 2857 non
579 2803 627 2858 est
644 2793 752 2858 miser·
792 2803 857 2856 tem
873 2803 978 2867 tuam,
992 2813 1029 2857 ac
1043 2791 1247 2856 miserebitur
1256 2792 1305 2855 tui
1321 2843 1330 2863 ,

212 2889 263 2941 tus
276 2876 499 2957 adolescentis,
517 2893 548 2946 et
560 2883 707 2970 virginis,
720 2893 752 2946 et
792 2893 825 2944 et
854 2885 979 2943 rursum
1006 2879 1211 2982 congregabit
1236 2890 1269 2943 te
1289 2880 1333 2943 de

209 2967 318 3041 senis,
347 2989 406 3032 nce
426 2968 578 3057 decrepiti
597 2971 748 3057 quidem
793 2967 1058 3120 cunctispoyulis
1072 2991 1103 3033 m
1116 2990 1194 3056 quos
1211 2979 1242 3033 te
1257 2974 1333 3033 autb

213 3053 268 3118 sed
283 3077 393 3120 omnes
405 3055 535 3121 tradidit
552 3058 584 3120 in
605 3058 752 3122 manibus
793 3055 840 3119 dis
863 3055 946 3119 ersit.
989 3056 1054 3120 bid.
1075 3057 1127 3121 50.
1145 3079 1174 3119 a.

213 3143 300 3228 ejus,
318 3144 524 3231 universaque
540 3167 611 3210 vasa
639 3145 751 3208 domus
837 3077 956 3209 dxaudi
978 3144 1010 3209 in
1031 3143 1135 3219 orele,
1154 3156 1186 3210 et
1204 3142 1333 3209 dimitte

212 3229 358 3307 Domini,
371 3239 436 3298 tam
449 3232 571 3319 majora
583 3237 678 3318 qudm
690 3232 753 3296 mi·
793 3243 922 3319 peccata
949 3232 1056 3322 populi
1079 3233 1125 3297 tui
1150 3231 1245 3303 Isrodl
1262 3283 1270 3308 ‚
1296 3246 1334 3298 et

212 3341 290 3384 nora
302 3370 310 3394 ,
324 3332 355 3384 et
363 3319 527 3386 thesauros
535 3317 644 3408 templi
661 3331 693 3384 et
705 3343 752 3384 re·
793 3320 924 3386 reduces
950 3342 1003 3385 eos
1024 3319 1056 3384 in
1075 3332 1213 3396 terram,
1234 3343 1333 3409 quam

213 3407 278 3494 gis,
298 3421 329 3472 et
345 3409 448 3496 princi
472 3431 526 3474 um
542 3407 702 3473 transtulit
719 3410 749 3474 in
794 3408 905 3473 dedisti
913 3409 1057 3497 patribus
1068 3430 1189 3475 eorum.
1206 3410 1236 3473 5.
1248 3410 1328 3500 lieg.

213 3495 419 3584 babylonem.
446 3433 658 3566 lbcenderunt
675 3497 752 3562 bos·
793 3501 823 3562 8.
840 3499 891 3576 54.

211 3597 258 3648 tes
275 3585 403 3649 domum
420 3585 496 3659 Dei,
514 3586 751 3651 destruxerunt·
837 3585 870 3650 Si
897 3598 1061 3675 superatus
1079 3586 1175 3650 fuerit
1216 3585 1330 3673 opulus

212 3695 272 3762 que
298 3697 426 3744 murum
453 3673 649 3748 Jerusalem,
678 3676 751 3740 uni-
793 3685 865 3740 tuus
882 3673 977 3740 lsrael
990 3676 1029 3738 ab
1041 3674 1177 3739 inimicis
1193 3609 1331 3762 lpecca·

210 3785 315 3825 versas
332 3773 435 3826 turres
451 3763 705 3840 combusserunt,
719 3776 751 3828 et
793 3763 872 3828 bunt
895 3764 979 3828 enim
997 3762 1082 3852 tlbi)
1103 3812 1111 3838 ,
1131 3775 1163 3827 et
1186 3762 1330 3828 conversi

205 3849 364 3936 “quidquid
378 3852 549 3940 pretiosum
563 3852 681 3930 luerat,
697 3851 751 3924 de·
793 3853 913 3940 egerint
935 3852 1168 3938 poenitentiam,
1189 3862 1221 3916 et
1237 3851 1330 3916 obse·

214 3937 314 4008 moliti
326 3951 409 4003 sunt.
429 3963 456 4003 a.
473 3941 587 4006 Paret.
601 3941 651 4005 56.
678 3965 725 4026 ¹7·
793 3942 949 4005 eraserint
964 3962 1080 4005 nomen
1096 3950 1200 4014 tuum,
1215 3950 1248 4003 et
1260 3939 1329 4003 lue·

255 4025 329 4098 Post
358 4027 444 4095 bunc
475 4042 580 4098 eutem
610 4029 751 4098 ascendit
792 4030 855 4094 rint
871 4027 1031 4116 deprecati
1048 4029 1080 4095 in
1100 4027 1172 4095 loco
1190 4029 1276 4102 istem
1294 4038 1330 4100 tu

277 1329 479 1419 Babylonica
513 1332 688 1419 eaptivitas

376 1419 585 1507 adimpletur.
