2884 4725
304 285 392 355 nou
854 283 939 352 uos
1083 346 1100 375 Ν.
1135 254 1205 377 ιι.

116 393 160 465 Et
173 399 274 468 cecidi
288 399 469 487 antepedes
484 402 573 489 ejus,
584 414 620 467 ut
645 396 757 463 dicare
777 398 880 466 virum
897 409 1101 489 poccatorem
1120 396 1201 469 divi-

75 489 244 556 odorarem
262 514 348 555 eum.
363 492 404 555 Et
418 490 496 556 dicit
510 489 589 555 mihi
608 515 616 555 ε
659 498 735 551 tem.
750 487 855 552 Eroti.
875 511 923 555 ιο.
939 489 992 554 ah.
1012 490 1062 555 26.
1074 488 1155 567 Fili,
1168 492 1201 559 in
1228 510 1230 517 ’

74 580 181 656 Vide,
206 603 248 646 ne
275 579 388 646 seooris
413 598 619 645 :tonservus
659 576 903 641 mansuetudine
929 584 1025 643 'serva
1063 580 1202 649 animam

74 680 148 732 tuus
168 692 260 743 sum,
283 680 316 733 ot
341 668 475 734 fratrum
490 667 619 733 tuoruin
660 675 765 740 tuam,
778 678 810 730 ot
822 665 862 729 da
874 662 918 730 illi
927 664 1082 732 honorem
1090 690 1201 735 secun·
1231 684 1233 689 '

73 757 265 822 habentium
286 758 504 823 testimouium
528 756 615 838 «lesu,
660 750 737 817 ditm
760 754 911 818 meritum
934 777 1038 820 suum.
1059 755 1200 823 Pecoau-¹
1258 755 1261 761 ’
1306 746 1308 751 ’

71 844 179 911 Deum
211 845 317 911 adora.
343 846 447 935 Apoo.
482 868 532 932 ¹9·
565 869 614 912 ιο.
658 852 724 906 tem
739 841 1202 933 inanimomsuamquisjusti·

69 934 167 1000 Idm
183 933 322 999 ''am''
336 957 363 999 ⁶·
384 956 436 1000 ⁹²·
452 957 483 1023 9·
659 926 799 996 ficabiti
820 942 853 996 et
878 930 948 1018 quis
977 930 1202 1001 honorificabo

104 1069 231 1135 Hm,-
249 1066 354 1133 40⁶2·ae
368 1067 578 1135 apt-boum
658 1017 908 1085 exhonorantem
920 1019 1059 1089 animam
1079 1044 1169 1091 suam
1184 1023 1210 1089 i

658 1118 719 1173 eto.
738 1130 772 1172 o.
792 1108 845 1172 5ι.
864 1121 896 1172 ot
911 1108 966 1173 5ι.

32 1279 33 1286 p
115 1200 264 1269 Gloriam
289 1202 447 1291 sapientes
474 1203 618 1291 posside-

70 1291 154 1357 bunt
185 1315 196 1355 ε
232 1289 401 1357 stultorum
437 1290 615 1371 exaltatio,

71 1380 260 1469 ignominia.
278 1381 378 1445 Prov.
400 1380 430 1445 5.
447 1382 498 1447 55.
702 1378 893 1444 Insciusnon
901 1378 1121 1447 honorabitur.
1133 1383 1201 1449 Eo-

119 1469 217 1534 Sieut
279 1469 289 1532 i
307 1469 406 1533 mittit
430 1468 568 1558 lapidem
583 1470 616 1535 in
658 1467 712 1532 ott.
739 1490 788 1533 ιο.
817 1470 868 1532 28.
887 1468 927 1532 Et
944 1480 993 1533 est
1006 1468 1123 1547 homo,
1144 1474 1200 1561 qui

71 1491 390 1629 acervumdderourii
405 1608 414 1633 ,
430 1558 472 1622 ith
488 1559 542 1646 qui
558 1559 624 1624 tri-'
657 1554 921 1622 honorificabitur
950 1579 1007 1646 pro
1030 1569 1079 1623 ter
1106 1560 1202 1627 sube-
1249 1604 1250 1607 =

69 1644 144 1711 huit
161 1646 320 1733 insipienti
336 1647 502 1712 honorem.
522 1645 543 1713 1
546 1647 613 1713 hid.
657 1643 792 1709 tantiam
809 1667 910 1710 suam.
929 1667 962 1709 o.
983 1580 1029 1710 55
1132 1666 1135 1671 ·

704 1238 826 1329 Iniqud
851 1262 919 1307 non
943 1220 1147 1312 ambiendus.
1198 1292 1200 1298 -

74 1736 129 1798 nh.
149 1736 186 1817 8,
701 1732 866 1799 Attendite
880 1739 898 1798 h
916 1732 1056 1811 Scribis,
1073 1736 1127 1823 qui
1143 1759 1200 1804 vo*

120 1822 242 1887 Semen
258 1821 422 1888 hominum
444 1823 617 1899 honorahi-
657 1819 1202 1897 luntamhularoinstolis,etamant

73 1922 128 1974 tur
147 1910 232 1987 hoo,
253 1911 338 1998 quod
363 1912 455 1977 timet
483 1913 613 1979 Deum:
657 1909 863 1975 salutationes
878 1910 910 1975 in
929 1910 1016 1987 soro,
1036 1924 1069 1978 ot
1081 1915 1201 2002 primas

71 2020 187 2064 semen
201 2011 308 2064 autem
327 1999 390 2067 hoo
404 2000 616 2068 exhonorahi-
657 1998 825 2064 cathedras
837 2000 870 2065 in
886 2000 1052 2089 synagogis
1064 2052 1073 2077 ,
1085 2015 1118 2068 ot
1132 2005 1199 2091 pri-

72 2100 145 2165 tur,
180 2087 267 2191 quod
296 2089 436 2177 praeterit
468 2090 616 2157 mandato
657 2087 1106 2157 mosdisouhitusinoonviriis
1123 2114 1131 2157 :
1146 2093 1200 2181 qui

70 2174 213 2242 Domini.
231 2178 335 2243 Εοοίὶ.
360 2201 408 2243 ιο.
429 2179 480 2244 nd.
657 2175 811 2240 devorant
825 2176 936 2242 domos
951 2177 1119 2246 viduarum
1134 2230 1143 2255 ,
1159 2181 1199 2246 si·
1260 2210 1263 2219 ⁴

114 2266 281 2353 Sapientia
296 2265 453 2332 humiliati
468 2266 617 2334 exaltabit
658 2263 816 2328 mutantes
847 2262 975 2353 longam
1011 2268 1196 2338 orationem.

74 2368 170 2444 eaput
189 2353 298 2432 illius,
320 2368 353 2420 et
372 2355 406 2422 in
425 2356 531 2423 medio
546 2381 616 2424 ma·
657 2352 736 2419 Lao.
769 2374 820 2418 no.
839 2353 892 2431 46.
912 2355 966 2505 dp.
990 2353 1022 2417 V
1024 2355 1076 2422 ido
1091 2381 1118 2423 r.
1148 2382 1198 2428 ιι.

74 2457 243 2528 gnatorum
272 2443 434 2511 confidere
455 2444 546 2512 iilum
568 2448 610 2513 fa·
657 2443 711 2522 45.
730 2440 826 2508 Item·
845 2441 932 2508 Matr
956 2443 1033 2508 .ι5.
1049 2444 1082 2513 6.
1126 2475 1133 2488 ·

75 2533 143 2597 edet·
163 2531 314 2598 [hiddi.
333 2557 360 2599 l·
833 2573 865 2642 D
889 2574 897 2590 ·
925 2573 988 2642 ved
1024 2575 1118 2644 σιω.

120 2620 252 2708 Sapiens
267 2622 300 2686 in
315 2619 433 2711 populo
446 2619 617 2689 haeredita-
701 2577 819 2644 How
866 2597 907 2640 α’
939 2597 1007 2704 ,¹⁰
1105 2603 1149 2646 ‘a'

76 2708 123 2774 hit
142 2707 318 2786 honorem,
341 2722 374 2775 et
392 2733 509 2776 nomen
531 2712 615 2779 illius
745 2686 1114 2791 HWW‘WM·

74 2799 131 2862 orit
148 2799 257 2865 vivens
276 2799 311 2865 in
332 2811 496 2865 aetornum.
522 2800 612 2868 loto.
798 2775 880 2844 V¹d⁰
893 2776 1060 2845 pamm·
1193 2853 1201 2860 .

74 2887 123 2975 57.
144 2911 198 2976 ap.
745 2890 863 2956 Honor
892 2889 1112 2980 Templomm.

138 3017 281 3084 Hm
295 3017 547 3087 mmmm·
788 2977 870 3046 Vide
887 2978 1069 3069 Templum.

808 3108 1046 3156 uosrrrtmrts.

121 3152 615 3244 Quicunqueglorifioaveritme,
678 3199 898 3289 Hospimpm
920 3202 1179 3271 commendatur,

41 3293 47 3304 .
76 3238 262 3328 glorificabo
291 3263 390 3316 eum;
425 3245 480 3333 qui
510 3257 617 3310 autem

75 3341 285 3395 contemnunt
300 3353 373 3408 me,
393 3346 487 3400 erunt
497 3334 618 3423 ignobi·
699 3337 855 3402 Dominus
865 3335 1202 3410 Deusvester-amat

75 3417 133 3484 les.
158 3441 186 3482 1.
200 3419 276 3510 Bag.
297 3442 325 3484 ι.
343 3422 395 3486 5ο.
655 3427 880 3514 peregrinum,
903 3437 935 3490 et
958 3425 1013 3492 dat
1030 3428 1060 3493 oi
1080 3428 1200 3500 victum

122 3505 617 3591 Nedesaiienishonoremtuum‚
657 3524 753 3602 atque
778 3513 938 3579 vestitum.
969 3516 1010 3580 Et
1038 3539 1094 3584 vos
1123 3528 1199 3610 ergo

72 3608 106 3660 ot
133 3617 234 3661 annos
259 3609 330 3664 tuos
353 3598 487 3666 erudeli.
514 3602 614 3668 Proo.
658 3612 762 3666 amato
777 3600 978 3688 peregrinos,
1005 3606 1079 3690 quin
1098 3620 1130 3673 et
1141 3610 1199 3698 ipsi

72 3686 104 3748 5.
124 3708 157 3772 9.
296 3733 301 3739 ·
658 3689 761 3756 fuistis
783 3688 932 3766 sdvenae,
948 3702 1009 3756 eto.
1026 3693 1122 3761 Dent.
1134 3701 1156 3762 ἰ
1164 3720 1195 3763 ο.

87 3774 90 3780 '
117 3773 229 3839 Gloria
251 3773 385 3842 divitum
408 3828 417 3854 ,
443 3777 617 3844 honorato·
663 3782 784 3867 17.18.
808 3801 857 3866 ¹9·

69 3885 162 3940 rum,
176 3875 210 3928 et
227 3886 430 3952 pauperum,
448 3867 544 3932 timor
557 3866 618 3933 Dei
713 3865 839 3956 Frange
886 3865 1036 3934 esurienti
1083 3891 1200 3958 panem

68 3964 115 4016 est
134 3952 232 4018 :noli
257 3952 428 4041 'despicere
453 3954 617 4021 hominem
659 3969 774 4034 tuum,
793 3968 825 4022 et
847 3976 963 4048 egenos
980 3977 1136 4045 vagosque
1147 3959 1198 4026 in-

69 4041 617 4136 justumpauporemetaolimagni·
659 4045 724 4116 duo
738 4047 771 4115 in
791 4043 923 4119 domum
943 4055 1052 4130 tumr,
1065 4049 1139 4117 etun
1158 4049 1201 4117 vi·
