2884 4725
297 316 391 386 BON
858 306 945 376 BON
1143 306 1204 374 rod

108 420 284 513 Silinguis
301 422 476 489 hominum
490 418 619 507 loquar.
662 444 792 492 cursum
828 418 1069 497 eonaummari,
1106 418 1205 487 iidem

66 522 95 577 et
105 509 327 603 Angelorum,
338 510 505 581 caritatem
513 518 619 573 autem
660 512 805 580 servavi:
823 511 857 577 in
871 508 995 599 reliquo
1005 508 1143 598 reposita
1155 522 1205 575 eat

64 622 126 666 non
140 600 309 679 habeam,
327 602 432 669 faetus
447 621 517 664 aum
534 594 620 663 vetut
660 601 740 669 mihi
768 622 888 667 corona
913 599 1043 687 justitiae
1066 648 1076 674 ,
1107 616 1206 685 quam

61 710 105 755 ωε
139 712 263 757 sonans
292 741 305 768 ,
345 701 402 755 aut
435 683 619 777 cymhalum
660 686 861 756 reddetmihi
871 686 1066 755 Dominnain
1074 684 1127 756 illd
1136 686 1202 763 die,

59 778 210 845 tinniens.
245 782 294 847 Et
323 778 350 845 si
378 776 523 844 habuero
549 794 620 862 pro-
661 791 724 847 etc.
742 776 824 844 lttct
837 779 870 856 4.
890 801 921 881 2.
937 779 968 842 8.

58 866 226 955 photium,
243 880 282 935 et
300 865 446 933 noverim
468 860 619 953 mysteria
706 864 932 933 Beneiieentrae
947 876 1056 930 antem
1070 874 1103 929 et
1113 884 1205 929 oom-

58 956 166 1022 omnia
184 1008 195 1034 ,
213 969 251 1025 et
269 977 404 1024 omnem
420 953 587 1021 scientiam
608 974 617 1015 ε
661 955 824 1021 munionis
834 951 936 1023 nolite
946 952 1090 1020 oblivisci
1108 950 1207 1017 :aaliz

57 1055 90 1108 et
117 1045 144 1109 ai
163 1044 326 1111 habuero
352 1066 480 1110 omnem
496 1041 618 1116 iidem,
662 1046 724 1110 bna
749 1044 836 1109 enim
864 1042 976 1109 hostiis
1027 1052 1206 1107 romeretur

57 1132 98 1197 in
115 1144 151 1199 ut
165 1146 313 1201 montes
328 1132 543 1207 transieram,
565 1150 621 1195 ca·
662 1132 759 1199 Deua.
778 1130 882 1199 Hebe.
901 1130 950 1197 15.
977 1064 1027 1197 td

55 1222 186 1289 ritatem
220 1234 342 1289 autem
372 1244 438 1287 non
464 1218 619 1295 habuero,
706 1220 792 1288 Ecce
809 1219 902 1287 renio
922 1220 1005 1296 aith,
1028 1230 1062 1284 et
1081 1238 1206 1283 meroen
1250 1248 1253 1253 ·

58 1309 138 1378 nihil
157 1335 252 1378 aum.
272 1312 318 1377 Et
337 1310 363 1376 si
382 1307 574 1375 distribuero
589 1306 620 1371 in
661 1331 735 1377 mea
752 1330 880 1375 meeum
895 1319 961 1385 at,
978 1305 1114 1373 reddere
1132 1306 1206 1371 uni-

58 1400 145 1467 cihoo
168 1420 369 1489 pauperum
389 1418 499 1463 omnes
521 1392 622 1461 iacui·
662 1400 780 1487 cuique
812 1398 989 1464 seeundum
1013 1416 1202 1485 operatua.

58 1500 138 1555 tates
169 1512 277 1555 meae
303 1537 314 1564 ,
346 1497 380 1552 et
404 1486 431 1551 ai
463 1483 622 1550 tradidero
662 1488 767 1578 Apoe.
789 1507 842 1551 99.
862 1507 911 1551 aa.

61 1599 179 1681 corpus
196 1598 323 1643 meum
341 1624 351 1651 ,
368 1575 410 1640 ita
424 1585 458 1639 ut
472 1572 620 1649 ardeam,
708 1575 848 1641 Benefao
869 1572 955 1660 juato
978 1622 989 1649 ,
1012 1583 1045 1636 et
1066 1571 1209 1637 invenies

63 1678 239 1733 teutatem
259 1676 370 1731 antem
384 1684 452 1729 non
465 1660 620 1737 habuero,
663 1663 907 1728 retributionem
926 1677 1100 1749 maguam
1126 1670 1159 1723 et
1181 1658 1207 1724 ai

67 1752 143 1820 nihii
151 1754 240 1821 mihi
253 1750 400 1843 prodest.
423 1773 451 1815 1.
468 1748 546 1816 Cor.
569 1748 618 1815 ιδ.
663 1773 729 1816 non
745 1751 785 1821 ab
805 1751 874 1840 ipso
888 1800 899 1826 ,
915 1754 1005 1815 certe
1019 1754 1037 1813 t
1053 1746 1203 1815 Domino.

71 1862 97 1905 1.
118 1864 148 1906 9.
170 1844 205 1908 ὅ.
664 1838 771 1907 Ecoii.
793 1861 843 1919 aa.
865 1860 894 1905 9.

111 1929 257 1996 stabiles
268 1938 373 1998 estote
380 1938 414 1995 et
427 1922 622 2001 immohilea,

73 2017 280 2084 abundantes
314 2018 350 2084 in
373 2036 475 2105 opem
495 2012 624 2079 Domini
665 1992 1210 2044 nontrunrnmontraanntnm

76 2126 204 2194 sempor
219 2131 230 2182 ;
248 2106 384 2173 wientee
399 2154 409 2181 ,
426 2101 513 2191 quod
533 2100 624 2166 iahor
895 2086 978 2130 ⁸⁰⁰⁸·

81 2204 266 2260 nosternon
279 2206 327 2261 eat
341 2193 448 2260 inania
462 2192 496 2258 in
511 2189 625 2257 Domi·
709 2196 858 2287 Dixitque
886 2198 1042 2263 Dominus
1064 2195 1107 2263 ad
1132 2216 1210 2263 eum

83 2301 139 2345 no.
156 2277 173 2345 1
178 2280 245 2347 bid.
263 2285 311 2348 15.
326 2286 378 2349 58.
692 2287 871 2354 Abrohom
882 2288 916 2376 ):
934 2286 970 2351 Si
984 2286 1135 2351 invenero
1151 2282 1209 2349 So·

133 2367 255 2450 Omnes
269 2371 354 2436 enim
364 2395 421 2437 noa
431 2367 624 2436 manifestari
688 2378 790 2454 omis,
806 2374 1037 2480 quinquaginta
1054 2373 1154 2459 justos
1174 2374 1209 2438 iu

80 2469 217 2546 oportet
235 2464 310 2525 ante
329 2459 462 2524 tribunal
477 2455 622 2532 Christi,
665 2464 772 2532 medio
783 2464 942 2540 civitam,
964 2461 1124 2527 dimittam
1139 2482 1209 2527 om.

80 2558 118 2611 υῑ
134 2547 256 2654 reserat
274 2547 482 2660 unusquisqne
496 2545 625 2652 propri&
666 2555 699 2620 ni
715 2553 787 2620 loco
805 2564 937 2644 propter
950 2574 1023 2628 eoa,
1037 2560 1099 2616 etc.
1124 2549 1206 2616 Gen.

78 2634 625 2806 dhiniiriidepthdiaihdhissii’didd.bdi
672 2643 1093 2810 ¹8⁸chi⁰aotzturnomtnas
1106 2724 1219 2793 Ioron*

83 2837 131 2882 to.
669 2817 746 2886 tuas
766 2842 826 2908 per
845 2817 981 2905 Moysen
1002 2830 1099 2880 tamn
1121 2814 1214 2880 cta-

124 2903 203 2985 Quae
212 2901 625 2976 enimseminaverithomo‚
668 2929 762 2971 naon
772 2905 989 2996 promiuiane
1002 2951 1016 2980 ,
1028 2918 1087 2970 eto.
1101 2903 1213 2972 uxot.

83 2989 150 3058 hoo
163 3006 195 3059 et
206 3005 310 3060 motet
328 3016 337 3057 :
357 2989 569 3081 quoniamqui
581 3012 627 3054 se·
669 3019 697 3060 o.
716 2994 749 3059 6.

85 3079 178 3148 minat
197 3083 230 3148 in
246 3105 348 3148 earne
369 3085 425 3146 sud
444 3130 453 3158 ,
474 3078 628 3144 decarne
713 3082 755 3147 Et
765 3081 921 3169 percussit
935 3079 1058 3169 grando
1075 3079 1110 3146 in
1125 3077 1215 3144 omni

89 3179 217 3237 etmetet
229 3169 473 3259 corruptionem
487 3193 495 3234 ε
509 3167 564 3321 qui
577 3188 629 3229 au·
670 3175 754 3237 terri
770 3169 900 3260 AEgypti
919 3181 1035 3235 cuncta
1055 3191 1125 3256 quae
1148 3167 1215 3232 iue-

92 3267 148 3323 tem
158 3261 296 3326 seminat
314 3259 348 3322 in
364 3257 496 3346 spiritu,
536 3253 629 3342 espi-
670 3271 746 3326 runt
761 3259 902 3350 inagria,
918 3259 959 3325 nh
974 3257 1216 3342 homineuaqud

95 3343 365 3414 ritnmetotritam
374 3357 533 3412 uternam.
553 3345 625 3412 Gat
671 3343 1212 3437 adjumentummunotamqueher-

95 3429 126 3496 6.
139 3437 168 3499 8.
671 3436 746 3503 ham
820 3433 1002 3524 'perouasit
1016 3432 1164 3523 grando,
1180 3443 1215 3498 et

137 3521 356 3612 Unusquisque
382 3521 631 3609 nodeumqueie-
672 3548 770 3592 omne
801 3526 910 3615 ignum
930 3521 1067 3610 regionis
1086 3519 1216 3588 confre-

92 3609 172 3676 cerit
193 3611 311 3678 honum
338 3544 437 3688 ,hoo
462 3611 630 3701 recipieth
673 3613 729 3703 git.
744 3611 883 3678 Tantam
901 3612 936 3678 in
959 3623 1045 3680 terna
1073 3609 1213 3683 Gessen,

89 3696 244 3776 Domino,
265 3700 330 3765 sive
347 3721 458 3766 servus
478 3701 539 3778 ait,
568 3701 632 3768 aive
674 3701 731 3768 nbi
753 3712 844 3766 erant
866 3700 923 3768 tilii
946 3695 1068 3776 tarnat,
1091 3697 1222 3790 grando

86 3783 181 3853 iiber.
201 3787 317 3878 Epicu.
347 3790 380 3854 6.
400 3791 431 3854 8.
674 3812 741 3857 non
756 3788 881 3868 cecidit.
896 3785 1039 3855 thuan.
1053 3809 1086 3874 9.
1103 3787 1154 3852 95.

130 3875 239 3944 Nemo
254 3889 443 3954 coronatur,
456 3875 516 3942 nisi
528 3874 633 3965 quile-
720 3877 814 3967 Apud
828 3899 940 3944 omnes
954 3886 1063 3940 autem
1073 3872 1155 3941 filios
1170 3871 1220 3936 [α’

82 3965 197 4056 gitimh
205 3965 388 4032 conaverit.
411 3988 440 4031 9.
459 3965 547 4032 Tim.
558 3987 587 4031 9.
600 3967 629 4032 5.
674 3965 741 4032 radi
766 3991 830 4032 non
850 3964 964 4030 mntiet
983 3963 1070 4030 canit
1092 3959 1133 4022 ah
1156 3955 1222 4020 ho·

124 4053 257 4128 Bonum
295 4065 461 4122 mnemon
495 4055 637 4139 oomni,
675 4057 763 4124 mine
777 4057 878 4141 noque
894 4049 936 4118 ad
950 4069 1068 4146 peona:
1085 4055 1122 4115 nt
1136 4043 1230 4120 teia«
