2884 4725
333 248 417 315 ANG
500 270 503 281 ·
898 251 984 319 AllG
1024 268 1030 279 ·
1186 261 1227 341 47

99 362 185 445 quasi
198 358 282 427 bord
294 358 358 424 diei
371 367 476 437 nond,
490 361 645 513 Angelum
686 362 727 425 de
749 360 824 437 celo
839 361 935 425 eliud
949 359 1143 447 evangelizet
1166 385 1223 429 vo-

100 448 152 511 llri
161 448 383 516 introeuntem
391 449 484 527 adse,
494 464 526 515 et
557 452 645 515 ieon—
686 450 753 524 bis,
767 456 980 551 praeterqutun
995 448 1081 536 quod
1093 472 1225 537 evange

97 549 157 599 tem
170 536 234 600 sibi
251 560 260 601 ε
278 535 420 602 Corneli.
434 538 525 603 Idid.
546 562 593 603 ro.
611 540 642 604 ὅ.
686 537 846 602 lizarrmus
862 538 970 614 vobis,
987 536 1155 603 anathema
1170 540 1222 604 sit.

139 622 292 689 Narravit
308 638 417 690 autem
433 627 553 703 nobis,⁸
564 652 646 715 quo·
686 627 795 691 Galat.
818 649 845 690 1.
862 626 892 689 8.

95 712 190 776 modo
206 712 343 779 vidisset
363 713 520 803 Angelum
536 717 568 780 in
585 716 645 781 do·
687 712 704 749 '·'
731 712 818 793 Quid
850 712 946 816 igitur
975 711 1061 777 lien?
1091 712 1227 806 Propter
1333 718 1336 721 ’

93 822 145 865 mo
160 805 240 876 sud,
257 812 418 878 stantem,
435 815 468 867 et
483 803 643 869 dicentem
685 814 951 889 transgressiones
964 801 1066 889 posita
1081 814 1147 877 est,
1165 803 1224 868 do-

94 888 153 953 sibi
171 913 181 953 ι
209 890 303 955 lllitte
327 891 360 956 in
376 890 518 979 Joppen,
535 904 567 957 et
589 916 644 958 ae·
684 896 745 956 nec
756 890 877 955 veniret
888 912 1016 965 semen,
1034 890 1085 955 cui
1101 893 1224 977 promi·

94 977 176 1041 cersi
194 977 385 1056 Simonem,
401 981 454 1067 qui
476 983 643 1069 cognomi·
684 990 786 1053 serat,
802 978 946 1041 ordinata
964 1000 1022 1064 per
1037 976 1173 1065 Angelos
1190 980 1224 1045 in
1315 984 1321 997 '

95 1066 407 1143 rraturPetrus,etc.
419 1068 508 1133 [tid.
524 1092 573 1133 ιι.
590 1071 638 1134 15.
684 1090 782 1131 manu
796 1064 988 1129 mediatoris.
1006 1064 1096 1131 lttd.
1115 1066 1146 1131 5.
1170 1091 1220 1171 ¹9·

137 1154 177 1217 Et
185 1162 264 1220 ecce
277 1154 422 1244 Angelus
431 1156 557 1221 Domini
566 1158 643 1222 asti·
730 1155 831 1221 Nemo
842 1176 898 1219 vos
905 1152 1056 1229 seducat,
1073 1154 1222 1221 voleusm

96 1242 148 1319 tit,
166 1255 198 1307 et
210 1242 330 1309 lumen
342 1243 464 1309 relulsit
479 1246 510 1309 in
523 1245 641 1326 habita·
683 1240 862 1307 humilitate
876 1254 908 1307 et
923 1241 1074 1327 religione
1090 1243 1139 1309 An
1160 1243 1223 1309 elo

95 1329 185 1395 culo:
200 1355 427 1420 percussoque
439 1332 536 1397 latere
545 1333 641 1409 Petri,
683 1354 776 1406 rum,
792 1353 862 1418 quaa
873 1353 938 1395 nou
949 1330 1027 1396 vidit
1041 1268 1221 1408 ambulans,

95 1419 243 1483 excitavit
264 1444 364 1497 eum,
382 1420 491 1485 dicens
513 1444 521 1485 ε
545 1422 643 1509 Surge
683 1419 800 1484 frustra
831 1417 958 1483 inllatus
993 1443 1087 1483 sensu
1117 1422 1222 1486 carnis

96 1506 259 1573 velociter.
274 1508 643 1575 Eteeeideruntcateme
682 1530 757 1573 sum.
777 1508 895 1573 Coloss.
915 1530 945 1571 ι.
969 1510 1016 1572 18.

98 1594 135 1659 de
158 1596 320 1663 manibus
346 1596 434 1683 ejus,
465 1609 526 1663 etc.
548 1580 638 1663 Itid.
727 1598 768 1660 Et
797 1595 961 1660 manifeste
994 1618 1145 1682 inagnum
1175 1610 1223 1662 ost

104 1705 148 1747 ιι.
167 1708 219 1769 7.¹
682 1683 808 1773 pietatis
844 1695 1101 1759 sacramentnm,
1137 1686 1222 1771 quod

141 1771 315 1839 Sadducaei
332 1772 417 1837 enim
430 1771 560 1849 dicunt,
577 1798 641 1841 non
682 1772 917 1837 manifestatum
925 1783 973 1836 est
985 1772 1017 1837 in
1030 1794 1143 1849 carne,
1158 1774 1222 1860 jus-

102 1882 164 1924 esse
200 1862 498 1937 resurrectionem,
539 1886 641 1952 neque
682 1860 1222 1951 tilicatumestinspiritu,apparuit

107 1946 284 2035 Angelum,
332 1972 437 2037 neque
480 1950 637 2037 spiritum.
683 1948 831 2037 Angelis,
847 1950 1054 2036 predicatum
1069 1963 1117 2015 est
1133 1942 1252 2015 (ἔοι),1

110 2034 189 2101 llid.
208 2039 259 2102 25.
279 2040 312 2102 8.
332 2036 365 2099 V
366 2038 415 2101 id.
433 2052 463 2101 et
477 2064 510 2103 o.
530 2063 560 2127 9.
682 2038 786 2114 tibus,
801 2039 959 2104 creditum
974 2051 1021 2105 est
1038 2039 1070 2121 iu
1086 2040 1219 2115 mundo,

155 2122 251 2189 Astitit
269 2126 356 2190 enim
376 2124 532 2193 mihi'luic
548 2140 641 2194 nocte
681 2138 877 2214 assumptum
907 2140 955 2193 est
984 2128 1017 2192 in
1044 2126 1154 2216 glorid.
1190 2152 1217 2193 ι.

116 2208 244 2295 Angelus
263 2213 338 2289 Dei,
362 2213 456 2301 eujus
474 2239 544 2281 sum
560 2240 639 2307 ego,
684 2214 772 2280 Tim.
791 2216 821 2280 ὅ.
846 2216 894 2280 16.
911 2214 914 2221 ’
986 2228 989 2236 “

113 2308 146 2359 et
165 2298 215 2384 qai
228 2298 370 2390 deservio.
394 2302 486 2369 leid.
507 2327 558 2391 ιγ.
585 2306 636 2371 25.
724 2302 838 2370 Testor
850 2326 958 2372 coram
970 2302 1079 2370 Deoet
1091 2303 1220 2370 Christo

158 2384 268 2452 Certus
282 2411 346 2454 sum
366 2392 471 2468 enim,
492 2395 565 2481 quia
581 2419 640 2460 ne·
669 2391 777 2468 desu,
806 2406 838 2456 et
868 2391 977 2458 electis
1008 2390 1155 2478 Angelis,
1184 2406 1221 2458 ut

106 2497 172 2628 pue
187 2498 293 2550 mors,
316 2501 411 2566 neque
433 2480 513 2557 rita,
537 2506 639 2572 neque
680 2481 748 2548 haec
764 2481 925 2548 custodias
941 2479 1009 2544 sint
1021 2479 1218 2567 praejudicio,
1262 2480 1264 2483 ’

134 2561 222 2651 rigoli
232 2614 241 2639 ,
252 2587 353 2653 neque
361 2569 569 2658 principatus,
585 2595 639 2636 ne·
679 2568 757 2634 nihil
774 2569 891 2634 faciens
908 2569 940 2634 in
953 2567 1085 2646 alteram
1096 2580 1219 2656 partem

104 2675 164 2738 que
181 2651 341 2730 Virtutes,
358 2679 455 2743 neque
471 2659 638 2736 instantia,
680 2648 880 2724 declinando.
898 2657 988 2724 Ibid.
1006 2658 1036 2722 5.
1055 2679 1106 2721 ιι.

106 2752 162 2805 ete.
188 2764 292 2830 neque
316 2756 458 2810 creatura
475 2745 535 2812 alia
551 2761 636 2836 pote·
722 2747 772 2812 De
790 2744 983 2836 differentia
997 2747 1084 2809 inter
1104 2745 1220 2811 Chris·

108 2828 143 2892 rit
157 2834 637 2918 nosseparareacharitatellei,
680 2848 752 2896 tom
774 2849 805 2898 et
820 2835 974 2924 Angelos.
1000 2833 1103 2900 mor.
1134 2857 1160 2900 ι.
1183 2838 1214 2914 Δ.

109 2931 229 3002 quaest
245 2921 276 2985 in
293 2921 423 2986 Christo
439 2921 515 2988 lesu
527 2925 639 2990 Domi·
679 2929 779 3008 usque
792 2922 837 2986 od
857 2925 904 3000 14.
1015 2920 1026 2943 ⁶

111 3027 146 3067 no
156 3019 268 3073 nostro.
290 3009 385 3076 non.
409 3013 440 3076 8.
462 3013 513 3078 58.
721 3010 838 3074 Sermo
850 3034 909 3099 per
934 3010 1078 3102 Angelos
1092 3011 1217 3086 dietus,

148 3095 287 3180 Apostoli
306 3107 308 3112 '
328 3100 474 3188 Angelos
499 3102 638 3188 judiee—
678 3101 784 3187 foetus
803 3114 848 3164 est
862 3097 992 3186 firmus.
1017 3099 1106 3164 Ilid.
1135 3121 1165 3164 ι.
1186 3123 1216 3164 ι.

118 3177 441 3252 tum,1.cor.6.5.
680 3187 968 3254 Videetiemva5.
1012 3187 1139 3274 .9..16.
1156 3188 1219 3276 dif-

153 3266 252 3338 llulier
261 3274 334 3340 ideo
344 3273 440 3340 debet
448 3289 637 3364 potestatem
677 3212 1221 3364 strentieminterClristum,Aa·

125 3347 218 3422 hahere
240 3370 334 3450 supra
364 3376 477 3451 eaput,
508 3380 639 3455 propter
676 3366 780 3454 gelos,
797 3363 996 3429 ctltomines.

123 3437 245 3524 Angelos.
261 3451 280 3516 1
282 3451 354 3515 bid.
378 3475 427 3516 ιι.
451 3476 499 3518 ιο.
525 3465 530 3475 “
723 3451 787 3518 Sed
802 3451 977 3518 accessistis
989 3451 1029 3516 ad
1040 3449 1116 3516 Sion
1129 3475 1218 3518 mon-

164 3527 222 3614 lpse
233 3540 310 3604 enim
326 3528 638 3630 Satanas'transligir-
678 3553 764 3616 tem,
781 3553 813 3606 ct
829 3541 989 3606 civitatem
997 3531 1055 3604 Dei
1071 3540 1217 3615 viventis,

118 3627 168 3678 rat
177 3620 237 3686 sein
245 3625 397 3717 Angelum
409 3625 499 3696 lucis.
515 3653 543 3697 ι.
557 3633 634 3700 Cor.
678 3627 855 3694 Jerusalem
867 3628 1024 3696 celestem
1037 3679 1045 3703 ,
1059 3640 1090 3692 et
1099 3629 1216 3694 multo·

120 3725 170 3766 ¹¹·
193 3711 235 3785 ¹l·
678 3741 749 3782 rurn
775 3716 911 3784 millium
925 3715 1131 3806 ‘Angelorum
1154 3716 1217 3779 lre·
1331 3727 1334 3733 '

157 3793 290 3884 Angue.
307 3805 639 3895 Satanoeeolopltizot
678 3806 850 3894 quentiam.
869 3804 972 3873 Hebr.
996 3827 1044 3870 ιι.
1066 3827 1117 3869 ιι.
1237 3854 1242 3860 .

109 3879 261 3950 Paulum.
277 3891 359 3958 lbid.
391 3918 442 3969 ιι,
461 3919 490 3980 7.
722 3895 761 3974 Et
774 3894 1017 3983 hospitalitatem
1027 3891 1125 3958 nolite
1134 3888 1215 3954 obli·

152 3968 216 4034 Sed
239 3971 306 4042 licet
328 3975 407 4056 ntis,
426 3995 479 4047 arrt
501 3982 638 4072 Angelus
679 3983 780 4050 visci:
814 4009 871 4071 per
895 3983 978 4048 trane
1004 3982 1088 4048 euim
1115 3979 1215 4041 latue-

1200 4278 1284 4307 Α*
