2884 4725
256 390 296 433 ‚0
488 359 570 425 ann
1070 352 1154 419 sno

253 499 305 543 me
323 523 332 551 ‚
353 486 385 537 et
408 468 516 537 tuleris
549 488 679 535 uxorem
714 470 795 537 Uriae
838 468 963 534 retricis
995 464 1248 532 luxuriabantur.
1287 463 1367 529 ibid.

253 556 726 635 nortui,etc.1tt‹t.1s.1o.
839 557 870 625 5.
892 582 922 643 7.
1324 618 1330 629 ,

298 646 418 715 Oculus
428 643 563 711 adulteri
579 645 727 711 observet
741 668 797 711 oa·
885 643 975 711 Unde
990 656 1023 708 et
1042 666 1102 729 ego
1119 641 1236 708 nudavi
1262 640 1371 705 femora

253 739 382 827 iiginem
399 784 407 811 ‚
432 732 565 799 dicens:
581 732 650 800 Non
678 758 730 801 sne
745 736 794 799 ri·
838 748 893 799 tua
906 739 1016 798 contra
1031 731 1146 797 faciem
1162 743 1270 805 tuam,
1285 741 1316 793 at
1327 752 1373 815 sp-

250 820 458 893 debitoculus
473 846 481 886 :
499 822 796 911 etoperictvuitum
838 822 944 910 paruit
969 820 1140 909 ignominia
1165 832 1232 885 tua.
1257 815 1374 885 Adulte-

252 936 362 989 sunm,
378 909 441 976 Job
456 914 507 991 nd.
528 912 577 979 15.
838 913 885 976 ria
902 923 957 973 tus
968 921 1001 974 et
1017 908 1158 974 hinnitus
1169 920 1263 984 tuus,
1279 903 1375 971 scelus

295 996 796 1089 Pepigisoeduacumoculismeis‚
839 996 1057 1064 fornicationis
1073 1010 1153 1061 tuse:
1176 1019 1274 1085 snper
1286 992 1375 1059 cottas

247 1103 288 1156 ut
299 1111 341 1155 ne
352 1088 525 1175 cogitarem
537 1087 666 1175 quidem
682 1087 723 1152 de
738 1088 797 1152 vir
839 1087 872 1153 in
888 1109 905 1151 a
973 1086 1036 1151 vidi
1046 1086 1371 1151 abominationestuas.

247 1179 335 1267 gine.
353 1174 444 1241 Itid.
461 1176 517 1242 51.
538 1198 564 1241 ι.
838 1110 1002 1242 ltid‘it.
1023 1175 1075 1240 26.
1095 1186 1127 1239 et
1147 1195 1199 1260 27.

270 1328 283 1344 .
298 1264 382 1345 Quia
403 1269 499 1340 ecce,
524 1264 578 1351 qni
599 1262 749 1351 elongant
763 1286 798 1328 sc
884 1264 925 1327 Et
946 1262 1087 1327 filiorum
1102 1260 1186 1327 illius
1201 1285 1266 1327 non
1289 1260 1375 1326 mise

248 1363 270 1421 d
288 1366 339 1431 te,
356 1351 505 1456 peribunt
522 1375 530 1417 ε
549 1351 714 1439 perdidisti
726 1372 798 1417 om·
840 1351 951 1424 reiron
966 1351 1117 1439 quoniam
1131 1349 1193 1415 filii
1205 1347 1375 1417 fornicatio

253 1464 309 1507 nes
319 1439 578 1528 quriornioantur
593 1440 793 1505 abstePsat.
840 1460 918 1505 num
932 1450 1016 1504 sunt.
1034 1441 1125 1504 0³2ae
1141 1462 1170 1504 a.
1186 1442 1219 1519 4.

251 1553 306 1617 pa.
320 1530 371 1595 sd.
658 1600 664 1613 .
883 1524 956 1592 Filii
982 1538 1089 1592 autem
1113 1526 1330 1594 adulterorum
1347 1524 1374 1587 in

297 1617 322 1683 F
325 1639 400 1684 arus
427 1616 512 1683 enim
537 1614 691 1683 distillans
714 1610 797 1679 iahia
839 1615 1115 1680 consummatione
1143 1628 1261 1691 erunt,
1288 1626 1320 1679 ct
1340 1612 1375 1676 ab

249 1705 429 1774 meretricia
439 1755 449 1782 ,
461 1703 631 1771 etnitidins
642 1700 713 1767 olco
728 1713 798 1789 gut·
838 1702 948 1805 iniquo
963 1702 1058 1767 thoro
1068 1723 1177 1770 semen
1192 1701 1375 1770 extermina-

253 1792 674 1965 tmisiirigdiiiiii{d(iiam
689 1886 796 1951 tuam,
838 1786 1376 1964 blidddddi⁸‚}uia6dmtumestan-

252 1979 286 2033 et
300 1988 341 2031 ne
357 1984 456 2053 appro
479 1962 590 2051 inques
602 1961 723 2028 foribus
738 1962 798 2027 do-
838 1962 958 2049 tiquis:
979 1964 1050 2030 Non
1069 1966 1293 2033 mechaberis.
1316 1968 1375 2053 Ego

251 2053 410 2142 mdsejus.
426 1986 515 2118 ldis.
529 2072 563 2117 u.
579 2052 611 2119 8.
631 2049 740 2129 Quare
751 2073 798 2117 se·
839 2061 946 2115 autem
962 2049 1034 2117 dico
1049 2052 1139 2117 robis
1156 2055 1374 2141 :qniaomnis

253 2141 399 2215 duceris,
421 2136 467 2203 iiii
485 2138 547 2215 mi,
564 2138 605 2205 ab
624 2136 748 2215 aliena,
765 2150 798 2203 et
837 2138 893 2225 qui
907 2137 1023 2203 viderit
1031 2138 1199 2207 mulierem
1211 2140 1253 2206 ad
1268 2164 1375 2209 concn-

253 2228 368 2295 ioveris
382 2227 415 2293 in
428 2226 499 2291 sinu
514 2224 644 2292 alterius
660 2226 675 2291 i
690 2250 724 2291 υ.
741 2235 793 2292 ao.
837 2226 1021 2315 piscendam
1044 2249 1135 2305 eam,
1156 2229 1225 2317 jam
1240 2232 1377 2298 moecha-

297 2316 340 2382 Ut
361 2314 541 2384 custodiant
566 2327 599 2380 te
622 2320 640 2380 t
664 2312 798 2382 muliere
838 2316 1246 2386 tusesteamincordeauo.
1259 2318 1373 2390 Hasd
1435 2335 1436 2373 1

253 2403 355 2481 meld,
372 2402 796 2493 ettblanddlingudextra-
840 2405 871 2469 5.
892 2427 944 2490 27.
1295 2444 1299 2452 ·

254 2497 325 2558 net.
349 2488 439 2558 lttd.
460 2493 491 2558 6.
518 2494 570 2573 ad.
597 2490 661 2572 Qui
689 2503 797 2556 autem
882 2491 1024 2558 Herodes
1053 2495 1139 2560 enim
1162 2500 1267 2564 tenuit
1289 2496 1375 2562 Josn-

254 2578 380 2644 adulter
394 2591 442 2644 ast
456 2591 589 2730 propter
610 2577 715 2644 cordis
730 2579 796 2644 ino
839 2602 937 2657 nem,
951 2593 986 2646 et
1000 2579 1139 2672 alligavit
1152 2609 1228 2652 eum
1247 2612 1257 2652 r
1276 2599 1310 2650 ct
1322 2606 1377 2672 po·
1435 2638 1436 2671 3

252 2666 366 2817 piapp,
397 2687 455 2752 per
477 2679 509 2732 et
535 2668 674 2733 animm
691 2690 792 2733 suam.
838 2669 912 2822 {pra
913 2670 946 2736 in
958 2691 1121 2738 carcerem
1129 2687 1269 2827 propter
1279 2675 1377 2824 ῌοῦρ-

278 2799 286 2816 .
346 2798 355 2815 .
871 2779 964 2822 aem
981 2781 1080 2823 uxore
1297 2809 1307 2827 .
1353 2783 1378 2822 ι-

297 2837 364 2904 Vire
379 2836 469 2902 inseri
485 2838 598 2907 domna
613 2841 682 2928 ejus
709 2843 796 2930 (me
837 2845 931 2910 cebet
953 2845 1039 2908 enim
1059 2783 1113 2911 iiii
1128 2775 1296 2918 stiialdessui
1311 2848 1377 2914 Non

254 2923 428 3010 notan),
448 2940 649 3012 penetrantes
664 2930 696 2994 in
713 2931 796 2996 inte-
836 2928 911 2995 licet
941 2931 999 2994 tibi
1028 2931 1147 3001 habere
1178 2962 1263 3006 eam
1289 2935 1373 3004 lttd.
1433 2949 1435 3014 Ῐ

254 3013 337 3078 riora
352 3011 474 3075 mortis.
494 3012 584 3078 Itis.
601 3039 631 3099 7.
652 3039 703 3102 a7.
841 3019 890 3094 sd.
910 3017 941 3080 ὃ.

299 3096 794 3175 Sidimiaeritriruxoremsuem‚
880 3102 961 3168 Dico
972 3118 1078 3173 autem
1093 3110 1202 3190 robis,
1219 3116 1294 3203 quia
1309 3111 1377 3202 qni-
1434 3113 1435 3140 ¹

254 3197 287 3249 rt
302 3181 454 3248 recedens
472 3181 512 3248 ab
530 3206 589 3260 eo,
608 3185 733 3250 duxerit
746 3187 796 3250 vi·
836 3210 974 3276 cumque
996 3193 1151 3264 dimiserit
1172 3225 1308 3268 uxorem
1332 3223 1377 3266 su
1434 3199 1435 3250 1

255 3293 328 3336 rum
351 3269 659 3358 aiterumrnunquid
688 3293 795 3336 rerer-
836 3297 906 3351 am,
922 3278 982 3342 nisi
1004 3281 1046 3346 ob
1068 3285 1331 3366 fornicationem,
1347 3298 1378 3350 et
1433 3285 1435 3358 j

255 3371 339 3424 tatur
364 3353 406 3420 ad
430 3377 501 3422 eam
523 3355 606 3422 nitra
623 3359 796 3444 inunquid
836 3360 931 3428 aliern
951 3366 1078 3435 duxerit
1119 3378 1304 3444 maechatur
1321 3400 1330 3442 :
1347 3385 1378 3438 et

255 3441 796 3598 narrentanas
836 3423 1376 3608 εεϋῑῖΐΗᾸΜ

256 3633 289 3684 ta
304 3637 427 3684 escum
449 3617 644 3684 amatoribus
663 3617 792 3685 multis:
880 3569 1060 3695 adtumni
1075 3571 1185 3703 sistam
1212 3641 1333 3708 Scribe
1347 3648 1378 3701 et

256 3720 363 3772 tamen
385 3715 544 3768 revertero
570 3705 610 3768 nd
632 3727 703 3780 mo,
718 3705 796 3772 dicit
837 3707 1210 3792 Pharisaimulicremin
1223 3726 1378 3794 adulterio

257 3791 420 3860 Dominus.
438 3789 560 3854 demo.
572 3791 603 3854 5.
623 3813 649 3856 ι.
837 3796 1377 3886 deprebensam,etstarnmresm

302 3877 476 3978 Superqup
486 3877 645 3980 propitius
659 3879 716 3943 tilsi
727 3901 797 3945 esse
836 3885 870 3951 in
885 3889 1010 3964 medio,
1027 3904 1060 3957 et
1074 3894 1224 3969 dissum
1242 3907 1293 3970 ei:
1312 3903 1378 3969 Ms-

259 3963 401 4054 peteroi
433 3961 505 4028 Prin
538 3975 584 4030 tus
617 3963 797 4051 derelique·
858 3972 1292 4058 issenhmmufiemodbd
1333 4012 1378 4054 „ff
1435 4018 1436 4027 ¹

260 4065 333 4120 runt
351 4075 422 4128 mr,
439 4063 501 4120 etr.
520 4063 552 4116 rt
571 4051 603 4118 in
620 4048 796 4122 domeure·
836 3995 935 4129 iens·
953 4077 1002 4133 est
1017 4066 1050 4136 in
1066 4073 1235 4147 adulterio.
1254 4081 1293 4148 ln
1321 4099 1378 4166 ege
