<?xml version="1.0" encoding="UTF-8"?>
<!DOCTYPE html PUBLIC "-//W3C//DTD XHTML 1.0 Transitional//EN"
    "http://www.w3.org/TR/xhtml1/DTD/xhtml1-transitional.dtd">
<html xmlns="http://www.w3.org/1999/xhtml" xml:lang="en" lang="en">
 <head>
  <title>
</title>
<meta http-equiv="Content-Type" content="text/html;charset=utf-8" />
  <meta name='ocr-system' content='tesseract 3.04.00' />
  <meta name='ocr-capabilities' content='ocr_page ocr_carea ocr_par ocr_line ocrx_word'/>
</head>
<body>
  <div class='ocr_page' id='page_1' title='image "./thesaurusbiblic00merzgoog_0387.png"; bbox 0 0 2884 4725; ppageno 0'>
   <div class='ocr_carea' id='block_1_1' title="bbox 337 213 1225 332">
    <p class='ocr_par' dir='ltr' id='par_1_1' title="bbox 337 213 1225 332">
     <span class='ocr_line' id='line_1_1' title="bbox 337 213 1225 332; baseline 0.006 -28"><span class='ocrx_word' id='word_1_1' title='bbox 337 239 420 308; x_wconf 83' lang='lat' dir='ltr'><strong>roa</strong></span> <span class='ocrx_word' id='word_1_2' title='bbox 773 227 779 238; x_wconf 82' lang='grc'><strong>’</strong></span> <span class='ocrx_word' id='word_1_3' title='bbox 848 213 969 308; x_wconf 80' lang='lat' dir='ltr'><strong>&#39;ron</strong></span> <span class='ocrx_word' id='word_1_4' title='bbox 1089 284 1093 290; x_wconf 80' lang='lat'>-</span> <span class='ocrx_word' id='word_1_5' title='bbox 1164 241 1225 332; x_wconf 67' lang='grc' dir='ltr'><strong>ιι,</strong></span> 
     </span>
    </p>
   </div>
   <div class='ocr_carea' id='block_1_2' title="bbox 97 351 1243 4075">
    <p class='ocr_par' dir='ltr' id='par_1_2' title="bbox 107 351 1233 800">
     <span class='ocr_line' id='line_1_2' title="bbox 151 351 1229 444; baseline 0.005 -26"><span class='ocrx_word' id='word_1_6' title='bbox 151 353 193 418; x_wconf 82' lang='lat' dir='ltr'><strong>Et</strong></span> <span class='ocrx_word' id='word_1_7' title='bbox 205 351 346 420; x_wconf 82' lang='lat' dir='ltr'><strong>liliorum</strong></span> <span class='ocrx_word' id='word_1_8' title='bbox 369 351 451 418; x_wconf 83' lang='lat' dir='ltr'><strong>illius</strong></span> <span class='ocrx_word' id='word_1_9' title='bbox 472 374 537 420; x_wconf 90' lang='lat' dir='ltr'><strong>non</strong></span> <span class='ocrx_word' id='word_1_10' title='bbox 552 352 644 418; x_wconf 84' lang='lat' dir='ltr'><strong>misa-</strong></span> <span class='ocrx_word' id='word_1_11' title='bbox 688 358 787 440; x_wconf 73' lang='lat' dir='ltr'><strong>nsque</strong></span> <span class='ocrx_word' id='word_1_12' title='bbox 801 351 897 419; x_wconf 74' lang='lat' dir='ltr'><strong>bodic</strong></span> <span class='ocrx_word' id='word_1_13' title='bbox 920 368 1110 444; x_wconf 84' lang='lat' dir='ltr'><strong>perseverat.</strong></span> <span class='ocrx_word' id='word_1_14' title='bbox 1130 356 1229 424; x_wconf 72' lang='lat' dir='ltr'><strong>lorus</strong></span> 
     </span>
     <span class='ocr_line' id='line_1_3' title="bbox 109 439 1225 530; baseline 0.005 -24"><span class='ocrx_word' id='word_1_15' title='bbox 109 441 379 530; x_wconf 78' lang='lat' dir='ltr'><strong>rabor:quonibm</strong></span> <span class='ocrx_word' id='word_1_16' title='bbox 395 439 450 508; x_wconf 85' lang='lat' dir='ltr'><strong>lilii</strong></span> <span class='ocrx_word' id='word_1_17' title='bbox 465 440 645 508; x_wconf 85' lang='lat' dir='ltr'><strong>fornicatio·</strong></span> <span class='ocrx_word' id='word_1_18' title='bbox 693 445 740 520; x_wconf 70' lang='lat'><strong>14.</strong></span> <span class='ocrx_word' id='word_1_19' title='bbox 759 465 808 508; x_wconf 88' lang='grc' dir='ltr'><strong>ιο.</strong></span> <span class='ocrx_word' id='word_1_20' title='bbox 828 465 877 507; x_wconf 91' lang='grc' dir='ltr'><strong>ιι.</strong></span> <span class='ocrx_word' id='word_1_21' title='bbox 890 444 977 509; x_wconf 78' lang='lat' dir='ltr'><strong>Vide</strong></span> <span class='ocrx_word' id='word_1_22' title='bbox 987 444 1155 524; x_wconf 68' lang='lat' dir='ltr'><strong>Ecolidd.</strong></span> <span class='ocrx_word' id='word_1_23' title='bbox 1175 470 1225 512; x_wconf 90' lang='grc' dir='ltr'><strong>ιι.</strong></span> 
     </span>
     <span class='ocr_line' id='line_1_4' title="bbox 108 531 1233 616; baseline 0.004 -20"><span class='ocrx_word' id='word_1_24' title='bbox 108 553 182 596; x_wconf 87' lang='lat' dir='ltr'><strong>num</strong></span> <span class='ocrx_word' id='word_1_25' title='bbox 205 543 289 596; x_wconf 87' lang='lat' dir='ltr'><strong>sunt.</strong></span> <span class='ocrx_word' id='word_1_26' title='bbox 319 531 400 612; x_wconf 85' lang='lat' dir='ltr'><strong>Quia</strong></span> <span class='ocrx_word' id='word_1_27' title='bbox 421 531 577 616; x_wconf 73' lang='lat' dir='ltr'><strong>fornicata</strong></span> <span class='ocrx_word' id='word_1_28' title='bbox 598 543 645 594; x_wconf 84' lang='lat' dir='ltr'><strong>est</strong></span> <span class='ocrx_word' id='word_1_29' title='bbox 738 532 880 597; x_wconf 72' lang='lat' dir='ltr'><strong>Samon</strong></span> <span class='ocrx_word' id='word_1_30' title='bbox 917 534 1041 598; x_wconf 61' lang='lat' dir='ltr'><strong>conen</strong></span> <span class='ocrx_word' id='word_1_31' title='bbox 1076 534 1233 601; x_wconf 73' lang='lat' dir='ltr'><strong>manibus</strong></span> 
     </span>
     <span class='ocr_line' id='line_1_5' title="bbox 107 619 1147 706; baseline 0.004 -23"><span class='ocrx_word' id='word_1_32' title='bbox 107 631 207 684; x_wconf 87' lang='lat' dir='ltr'><strong>mater</strong></span> <span class='ocrx_word' id='word_1_33' title='bbox 219 643 354 700; x_wconf 82' lang='lat' dir='ltr'><strong>corum,</strong></span> <span class='ocrx_word' id='word_1_34' title='bbox 371 619 500 685; x_wconf 84' lang='lat' dir='ltr'><strong>confusa</strong></span> <span class='ocrx_word' id='word_1_35' title='bbox 516 630 564 684; x_wconf 84' lang='lat' dir='ltr'><strong>ost</strong></span> <span class='ocrx_word' id='word_1_36' title='bbox 576 641 645 706; x_wconf 77' lang='lat' dir='ltr'><strong>qum</strong></span> <span class='ocrx_word' id='word_1_37' title='bbox 688 620 827 685; x_wconf 70' lang='lat' dir='ltr'><strong>inermia</strong></span> <span class='ocrx_word' id='word_1_38' title='bbox 843 621 1021 686; x_wconf 65' lang='lat' dir='ltr'><strong>lamecu:</strong></span> <span class='ocrx_word' id='word_1_39' title='bbox 1032 638 1063 686; x_wconf 78' lang='lat' dir='ltr'><strong>et</strong></span> <span class='ocrx_word' id='word_1_40' title='bbox 1077 624 1147 688; x_wconf 66' lang='lat' dir='ltr'><strong>atu</strong></span> 
     </span>
     <span class='ocr_line' id='line_1_6' title="bbox 108 708 1232 800; baseline 0.005 -28"><span class='ocrx_word' id='word_1_41' title='bbox 108 731 205 774; x_wconf 87' lang='lat' dir='ltr'><strong>conec</strong></span> <span class='ocrx_word' id='word_1_42' title='bbox 230 708 493 775; x_wconf 65' lang='lat' dir='ltr'><strong>booethius.</strong></span> <span class='ocrx_word' id='word_1_43' title='bbox 520 711 551 786; x_wconf 72' lang='grc' dir='ltr'><strong>Δ.</strong></span> <span class='ocrx_word' id='word_1_44' title='bbox 568 709 597 774; x_wconf 83' lang='grc'><strong>5.</strong></span> <span class='ocrx_word' id='word_1_45' title='bbox 689 731 729 772; x_wconf 85' lang='lat' dir='ltr'><strong>ra</strong></span> <span class='ocrx_word' id='word_1_46' title='bbox 740 709 1062 795; x_wconf 74' lang='lat' dir='ltr'><strong>fortitudinismultn</strong></span> <span class='ocrx_word' id='word_1_47' title='bbox 1072 713 1158 800; x_wconf 75' lang='lat' dir='ltr'><strong>facit.</strong></span> <span class='ocrx_word' id='word_1_48' title='bbox 1191 737 1232 778; x_wconf 82' lang='lat' dir='ltr'><strong>u-</strong></span> 
     </span>
    </p>

    <p class='ocr_par' dir='ltr' id='par_1_3' title="bbox 105 732 1239 1504">
     <span class='ocr_line' id='line_1_7' title="bbox 149 732 1227 876; baseline 0.006 -15"><span class='ocrx_word' id='word_1_49' title='bbox 149 795 183 862; x_wconf 90' lang='lat' dir='ltr'><strong>Si</strong></span> <span class='ocrx_word' id='word_1_50' title='bbox 199 732 437 872; x_wconf 68' lang='lat' dir='ltr'><strong>brittaniam,</strong></span> <span class='ocrx_word' id='word_1_51' title='bbox 453 795 646 871; x_wconf 77' lang='lat' dir='ltr'><strong>lsradl,non</strong></span> <span class='ocrx_word' id='word_1_52' title='bbox 689 796 755 862; x_wconf 83' lang='lat' dir='ltr'><strong>dic.</strong></span> <span class='ocrx_word' id='word_1_53' title='bbox 775 819 801 862; x_wconf 86' lang='lat' dir='ltr'><strong>c.</strong></span> <span class='ocrx_word' id='word_1_54' title='bbox 825 800 875 876; x_wconf 71' lang='lat'><strong>14.</strong></span> <span class='ocrx_word' id='word_1_55' title='bbox 896 798 927 861; x_wconf 88' lang='lat' dir='ltr'><em>V</em></span> <span class='ocrx_word' id='word_1_56' title='bbox 928 798 982 862; x_wconf 77' lang='lat' dir='ltr'><strong>ide</strong></span> <span class='ocrx_word' id='word_1_57' title='bbox 1002 822 1029 863; x_wconf 87' lang='lat' dir='ltr'><strong>e.</strong></span> <span class='ocrx_word' id='word_1_58' title='bbox 1057 800 1105 863; x_wconf 77' lang='lat'><strong>15.</strong></span> <span class='ocrx_word' id='word_1_59' title='bbox 1124 816 1155 866; x_wconf 78' lang='lat' dir='ltr'><strong>et</strong></span> <span class='ocrx_word' id='word_1_60' title='bbox 1178 803 1227 868; x_wconf 81' lang='lat'><strong>16.</strong></span> 
     </span>
     <span class='ocr_line' id='line_1_8' title="bbox 106 885 1234 975; baseline 0.004 -25"><span class='ocrx_word' id='word_1_61' title='bbox 106 885 269 975; x_wconf 76' lang='lat' dir='ltr'><strong>delinquat</strong></span> <span class='ocrx_word' id='word_1_62' title='bbox 285 886 397 952; x_wconf 85' lang='lat' dir='ltr'><strong>saltem</strong></span> <span class='ocrx_word' id='word_1_63' title='bbox 417 885 500 952; x_wconf 85' lang='lat' dir='ltr'><strong>Juda</strong></span> <span class='ocrx_word' id='word_1_64' title='bbox 517 909 524 950; x_wconf 93' lang='lat'><strong>:</strong></span> <span class='ocrx_word' id='word_1_65' title='bbox 539 895 572 950; x_wconf 83' lang='lat' dir='ltr'><strong>et</strong></span> <span class='ocrx_word' id='word_1_66' title='bbox 585 907 645 951; x_wconf 94' lang='lat' dir='ltr'><strong>no·</strong></span> <span class='ocrx_word' id='word_1_67' title='bbox 734 886 805 952; x_wconf 88' lang='lat' dir='ltr'><strong>Non</strong></span> <span class='ocrx_word' id='word_1_68' title='bbox 828 886 1064 952; x_wconf 82' lang='lat' dir='ltr'><strong>infortitudine</strong></span> <span class='ocrx_word' id='word_1_69' title='bbox 1082 893 1137 953; x_wconf 73' lang='lat' dir='ltr'><strong>sud</strong></span> <span class='ocrx_word' id='word_1_70' title='bbox 1160 890 1234 975; x_wconf 78' lang='lat' dir='ltr'><strong>(sed</strong></span> 
     </span>
     <span class='ocr_line' id='line_1_9' title="bbox 106 973 1228 1072; baseline 0.005 -33"><span class='ocrx_word' id='word_1_71' title='bbox 106 974 160 1040; x_wconf 87' lang='lat' dir='ltr'><strong>lite</strong></span> <span class='ocrx_word' id='word_1_72' title='bbox 176 975 304 1064; x_wconf 81' lang='lat' dir='ltr'><strong>ingredi</strong></span> <span class='ocrx_word' id='word_1_73' title='bbox 328 975 360 1041; x_wconf 89' lang='lat' dir='ltr'><strong>in</strong></span> <span class='ocrx_word' id='word_1_74' title='bbox 377 973 435 1042; x_wconf 88' lang='lat' dir='ltr'><strong>Gal</strong></span> <span class='ocrx_word' id='word_1_75' title='bbox 458 973 531 1050; x_wconf 89' lang='lat' dir='ltr'><strong>ala,</strong></span> <span class='ocrx_word' id='word_1_76' title='bbox 554 985 586 1040; x_wconf 87' lang='lat' dir='ltr'><strong>ct</strong></span> <span class='ocrx_word' id='word_1_77' title='bbox 604 995 646 1038; x_wconf 88' lang='lat' dir='ltr'><strong>no</strong></span> <span class='ocrx_word' id='word_1_78' title='bbox 689 975 776 1062; x_wconf 76' lang='lat' dir='ltr'><strong>Dei)</strong></span> <span class='ocrx_word' id='word_1_79' title='bbox 797 974 1002 1041; x_wconf 71' lang='lat' dir='ltr'><strong>roborabitur</strong></span> <span class='ocrx_word' id='word_1_80' title='bbox 1019 977 1077 1042; x_wconf 83' lang='lat' dir='ltr'><strong>vir.</strong></span> <span class='ocrx_word' id='word_1_81' title='bbox 1106 1002 1134 1042; x_wconf 92' lang='grc' dir='ltr'><strong>ι.</strong></span> <span class='ocrx_word' id='word_1_82' title='bbox 1150 979 1228 1072; x_wconf 78' lang='lat' dir='ltr'><strong>Reg.</strong></span> 
     </span>
     <span class='ocr_line' id='line_1_10' title="bbox 107 999 783 1150; baseline 0.003 -23"><span class='ocrx_word' id='word_1_83' title='bbox 107 1065 312 1130; x_wconf 85' lang='lat' dir='ltr'><strong>ascenderitis</strong></span> <span class='ocrx_word' id='word_1_84' title='bbox 330 1063 363 1129; x_wconf 90' lang='lat' dir='ltr'><strong>in</strong></span> <span class='ocrx_word' id='word_1_85' title='bbox 380 999 565 1138; x_wconf 75' lang='lat' dir='ltr'><strong>Bctbavon,</strong></span> <span class='ocrx_word' id='word_1_86' title='bbox 589 1085 647 1128; x_wconf 87' lang='lat' dir='ltr'><strong>nc·</strong></span> <span class='ocrx_word' id='word_1_87' title='bbox 693 1085 723 1129; x_wconf 85' lang='lat' dir='ltr'><strong>a.</strong></span> <span class='ocrx_word' id='word_1_88' title='bbox 752 1088 783 1150; x_wconf 81' lang='lat'><strong>9.</strong></span> 
     </span>
     <span class='ocr_line' id='line_1_11' title="bbox 106 1151 1237 1243; baseline 0.002 -25"><span class='ocrx_word' id='word_1_89' title='bbox 106 1175 166 1240; x_wconf 85' lang='lat' dir='ltr'><strong>quo</strong></span> <span class='ocrx_word' id='word_1_90' title='bbox 174 1153 372 1240; x_wconf 86' lang='lat' dir='ltr'><strong>juraveritis:</strong></span> <span class='ocrx_word' id='word_1_91' title='bbox 386 1151 644 1220; x_wconf 80' lang='lat' dir='ltr'><strong>VivitDominus.</strong></span> <span class='ocrx_word' id='word_1_92' title='bbox 734 1151 851 1218; x_wconf 83' lang='lat' dir='ltr'><strong>David</strong></span> <span class='ocrx_word' id='word_1_93' title='bbox 869 1153 908 1216; x_wconf 77' lang='lat' dir='ltr'><strong>in</strong></span> <span class='ocrx_word' id='word_1_94' title='bbox 922 1154 1068 1242; x_wconf 69' lang='lat' dir='ltr'><strong>pueritia</strong></span> <span class='ocrx_word' id='word_1_95' title='bbox 1088 1162 1148 1220; x_wconf 79' lang='lat' dir='ltr'><strong>aad</strong></span> <span class='ocrx_word' id='word_1_96' title='bbox 1167 1157 1237 1243; x_wconf 67' lang='lat' dir='ltr'><strong>for</strong></span> 
     </span>
     <span class='ocr_line' id='line_1_12' title="bbox 109 1237 1238 1328; baseline 0.004 -22"><span class='ocrx_word' id='word_1_97' title='bbox 109 1243 269 1322; x_wconf 76' lang='lat' dir='ltr'><strong>Quoniam</strong></span> <span class='ocrx_word' id='word_1_98' title='bbox 282 1243 365 1308; x_wconf 83' lang='lat' dir='ltr'><strong>siout</strong></span> <span class='ocrx_word' id='word_1_99' title='bbox 375 1263 471 1310; x_wconf 76' lang='lat' dir='ltr'><strong>vacca</strong></span> <span class='ocrx_word' id='word_1_100' title='bbox 483 1237 648 1306; x_wconf 86' lang='lat' dir='ltr'><strong>lasciviens</strong></span> <span class='ocrx_word' id='word_1_101' title='bbox 692 1243 769 1306; x_wconf 74' lang='lat' dir='ltr'><strong>aiter</strong></span> <span class='ocrx_word' id='word_1_102' title='bbox 794 1242 963 1328; x_wconf 76' lang='lat' dir='ltr'><strong>superavit</strong></span> <span class='ocrx_word' id='word_1_103' title='bbox 984 1257 1015 1306; x_wconf 79' lang='lat' dir='ltr'><strong>et</strong></span> <span class='ocrx_word' id='word_1_104' title='bbox 1042 1265 1179 1318; x_wconf 82' lang='lat' dir='ltr'><strong>ursum,</strong></span> <span class='ocrx_word' id='word_1_105' title='bbox 1206 1260 1238 1310; x_wconf 78' lang='lat' dir='ltr'><strong>et</strong></span> 
     </span>
     <span class='ocr_line' id='line_1_13' title="bbox 105 1326 1239 1409; baseline 0.004 -15"><span class='ocrx_word' id='word_1_106' title='bbox 105 1330 278 1398; x_wconf 80' lang='lat' dir='ltr'><strong>declinavit</strong></span> <span class='ocrx_word' id='word_1_107' title='bbox 298 1329 406 1401; x_wconf 77' lang='lat' dir='ltr'><strong>lsraiil.</strong></span> <span class='ocrx_word' id='word_1_108' title='bbox 424 1329 514 1398; x_wconf 83' lang='lat' dir='ltr'><strong>Ibid.</strong></span> <span class='ocrx_word' id='word_1_109' title='bbox 533 1332 565 1409; x_wconf 71' lang='lat' dir='ltr'><strong>d.</strong></span> <span class='ocrx_word' id='word_1_110' title='bbox 596 1329 661 1394; x_wconf 84' lang='lat'><strong>15.·</strong></span> <span class='ocrx_word' id='word_1_111' title='bbox 693 1326 816 1394; x_wconf 66' lang='grc' dir='ltr'><strong>ὣοηοηι</strong></span> <span class='ocrx_word' id='word_1_112' title='bbox 831 1379 840 1404; x_wconf 90' lang='grc'><em>,</em></span> <span class='ocrx_word' id='word_1_113' title='bbox 856 1342 887 1394; x_wconf 76' lang='lat' dir='ltr'><strong>et</strong></span> <span class='ocrx_word' id='word_1_114' title='bbox 902 1329 1035 1395; x_wconf 72' lang='lat' dir='ltr'><strong>Gottatt</strong></span> <span class='ocrx_word' id='word_1_115' title='bbox 1049 1329 1239 1398; x_wconf 70' lang='lat' dir='ltr'><strong>Ptttnttae-</strong></span> 
     </span>
     <span class='ocr_line' id='line_1_14' title="bbox 109 1414 1230 1504; baseline 0.003 -20"><span class='ocrx_word' id='word_1_116' title='bbox 109 1419 158 1484; x_wconf 83' lang='lat'><strong>16.</strong></span> <span class='ocrx_word' id='word_1_117' title='bbox 693 1441 761 1482; x_wconf 84' lang='lat' dir='ltr'><strong>um.</strong></span> <span class='ocrx_word' id='word_1_118' title='bbox 789 1414 878 1494; x_wconf 72' lang='lat' dir='ltr'><strong>Itid.</strong></span> <span class='ocrx_word' id='word_1_119' title='bbox 910 1441 958 1504; x_wconf 85' lang='lat'><strong>¹7·</strong></span> <span class='ocrx_word' id='word_1_120' title='bbox 982 1419 1034 1497; x_wconf 70' lang='grc'><strong>54.</strong></span> <span class='ocrx_word' id='word_1_121' title='bbox 1055 1419 1107 1484; x_wconf 80' lang='grc'><strong>55.</strong></span> <span class='ocrx_word' id='word_1_122' title='bbox 1126 1425 1196 1501; x_wconf 73' lang='lat' dir='ltr'><strong>etd</strong></span> <span class='ocrx_word' id='word_1_123' title='bbox 1222 1466 1230 1487; x_wconf 87' lang='lat'><strong>.</strong></span> 
     </span>
    </p>

    <p class='ocr_par' dir='ltr' id='par_1_4' title="bbox 107 1445 1237 2663">
     <span class='ocr_line' id='line_1_15' title="bbox 150 1445 1234 1597; baseline 0.002 -25"><span class='ocrx_word' id='word_1_124' title='bbox 150 1508 300 1597; x_wconf 78' lang='lat' dir='ltr'><strong>Angelus</strong></span> <span class='ocrx_word' id='word_1_125' title='bbox 321 1504 508 1574; x_wconf 84' lang='lat' dir='ltr'><strong>exclamavit</strong></span> <span class='ocrx_word' id='word_1_126' title='bbox 526 1507 559 1571; x_wconf 94' lang='lat' dir='ltr'><strong>in</strong></span> <span class='ocrx_word' id='word_1_127' title='bbox 581 1505 649 1570; x_wconf 87' lang='lat' dir='ltr'><strong>sor·</strong></span> <span class='ocrx_word' id='word_1_128' title='bbox 706 1541 710 1548; x_wconf 91' lang='lat'>·</span> <span class='ocrx_word' id='word_1_129' title='bbox 739 1505 998 1581; x_wconf 74' lang='lat' dir='ltr'><strong>confortamini,</strong></span> <span class='ocrx_word' id='word_1_130' title='bbox 1018 1518 1051 1571; x_wconf 85' lang='lat' dir='ltr'><strong>et</strong></span> <span class='ocrx_word' id='word_1_131' title='bbox 1066 1507 1149 1596; x_wconf 80' lang='lat' dir='ltr'><strong>agite</strong></span> <span class='ocrx_word' id='word_1_132' title='bbox 1166 1445 1234 1574; x_wconf 75' lang='lat' dir='ltr'><strong>dil-</strong></span> 
     </span>
     <span class='ocr_line' id='line_1_16' title="bbox 108 1593 1235 1684; baseline 0.005 -24"><span class='ocrx_word' id='word_1_133' title='bbox 108 1595 262 1671; x_wconf 88' lang='lat' dir='ltr'><strong>titudine,</strong></span> <span class='ocrx_word' id='word_1_134' title='bbox 279 1593 385 1662; x_wconf 89' lang='lat' dir='ltr'><strong>dicens</strong></span> <span class='ocrx_word' id='word_1_135' title='bbox 397 1618 405 1659; x_wconf 78' lang='grc' dir='ltr'><strong>ι</strong></span> <span class='ocrx_word' id='word_1_136' title='bbox 415 1594 556 1671; x_wconf 79' lang='lat' dir='ltr'><strong>Cecidit,</strong></span> <span class='ocrx_word' id='word_1_137' title='bbox 569 1593 650 1660; x_wconf 87' lang='lat' dir='ltr'><strong>ccci-</strong></span> <span class='ocrx_word' id='word_1_138' title='bbox 694 1606 824 1684; x_wconf 78' lang='lat' dir='ltr'><strong>genter,</strong></span> <span class='ocrx_word' id='word_1_139' title='bbox 843 1595 946 1659; x_wconf 86' lang='lat' dir='ltr'><strong>eterit</strong></span> <span class='ocrx_word' id='word_1_140' title='bbox 963 1594 1118 1662; x_wconf 78' lang='lat' dir='ltr'><strong>Dominus</strong></span> <span class='ocrx_word' id='word_1_141' title='bbox 1134 1598 1235 1666; x_wconf 72' lang='lat' dir='ltr'><strong>vobis</strong></span> 
     </span>
     <span class='ocr_line' id='line_1_17' title="bbox 109 1682 1233 1776; baseline 0.005 -28"><span class='ocrx_word' id='word_1_142' title='bbox 109 1684 172 1762; x_wconf 68' lang='lat' dir='ltr'><strong>dit¹</strong></span> <span class='ocrx_word' id='word_1_143' title='bbox 187 1682 330 1772; x_wconf 80' lang='lat' dir='ltr'><strong>Babylon</strong></span> <span class='ocrx_word' id='word_1_144' title='bbox 353 1706 469 1772; x_wconf 77' lang='lat' dir='ltr'><strong>magna</strong></span> <span class='ocrx_word' id='word_1_145' title='bbox 484 1706 492 1748; x_wconf 74' lang='grc' dir='ltr'><strong>ι</strong></span> <span class='ocrx_word' id='word_1_146' title='bbox 510 1693 542 1748; x_wconf 87' lang='lat' dir='ltr'><strong>et</strong></span> <span class='ocrx_word' id='word_1_147' title='bbox 566 1683 649 1748; x_wconf 84' lang='lat' dir='ltr'><strong>facta</strong></span> <span class='ocrx_word' id='word_1_148' title='bbox 695 1707 769 1749; x_wconf 92' lang='lat' dir='ltr'><strong>cum</strong></span> <span class='ocrx_word' id='word_1_149' title='bbox 796 1683 830 1750; x_wconf 90' lang='lat' dir='ltr'><strong>in</strong></span> <span class='ocrx_word' id='word_1_150' title='bbox 848 1683 950 1748; x_wconf 83' lang='lat' dir='ltr'><strong>bonis.</strong></span> <span class='ocrx_word' id='word_1_151' title='bbox 981 1705 1011 1748; x_wconf 77' lang='lat' dir='ltr'><strong>a.</strong></span> <span class='ocrx_word' id='word_1_152' title='bbox 1038 1685 1152 1751; x_wconf 76' lang='lat' dir='ltr'><strong>Perat.</strong></span> <span class='ocrx_word' id='word_1_153' title='bbox 1182 1709 1233 1776; x_wconf 77' lang='lat'><strong>¹9·</strong></span> 
     </span>
     <span class='ocr_line' id='line_1_18' title="bbox 113 1771 750 1846; baseline -0.002 -8"><span class='ocrx_word' id='word_1_154' title='bbox 113 1783 161 1838; x_wconf 83' lang='lat' dir='ltr'><strong>ost</strong></span> <span class='ocrx_word' id='word_1_155' title='bbox 176 1771 327 1839; x_wconf 75' lang='lat' dir='ltr'><strong>habitatio</strong></span> <span class='ocrx_word' id='word_1_156' title='bbox 350 1771 599 1846; x_wconf 65' lang='lat' dir='ltr'><strong>danmoniorum,</strong></span> <span class='ocrx_word' id='word_1_157' title='bbox 620 1782 651 1835; x_wconf 92' lang='lat' dir='ltr'><strong>ct</strong></span> <span class='ocrx_word' id='word_1_158' title='bbox 700 1796 750 1837; x_wconf 89' lang='grc' dir='ltr'><strong>ιι.</strong></span> 
     </span>
     <span class='ocr_line' id='line_1_19' title="bbox 113 1859 1235 1950; baseline 0.002 -23"><span class='ocrx_word' id='word_1_159' title='bbox 113 1861 255 1928; x_wconf 89' lang='lat' dir='ltr'><strong>custodia</strong></span> <span class='ocrx_word' id='word_1_160' title='bbox 266 1862 367 1926; x_wconf 86' lang='lat' dir='ltr'><strong>omnia</strong></span> <span class='ocrx_word' id='word_1_161' title='bbox 376 1861 505 1950; x_wconf 76' lang='lat' dir='ltr'><strong>spiritus</strong></span> <span class='ocrx_word' id='word_1_162' title='bbox 515 1860 651 1926; x_wconf 90' lang='lat' dir='ltr'><strong>immun·</strong></span> <span class='ocrx_word' id='word_1_163' title='bbox 739 1861 879 1948; x_wconf 81' lang='lat' dir='ltr'><strong>Expecta</strong></span> <span class='ocrx_word' id='word_1_164' title='bbox 895 1859 1088 1936; x_wconf 89' lang='lat' dir='ltr'><strong>Dominum,</strong></span> <span class='ocrx_word' id='word_1_165' title='bbox 1104 1861 1235 1929; x_wconf 82' lang='lat' dir='ltr'><strong>virilitor</strong></span> 
     </span>
     <span class='ocr_line' id='line_1_20' title="bbox 111 1947 1234 2038; baseline 0.004 -25"><span class='ocrx_word' id='word_1_166' title='bbox 111 1949 144 2014; x_wconf 93' lang='lat' dir='ltr'><strong>di</strong></span> <span class='ocrx_word' id='word_1_167' title='bbox 158 2001 167 2026; x_wconf 93' lang='lat'><strong>,</strong></span> <span class='ocrx_word' id='word_1_168' title='bbox 183 1962 216 2016; x_wconf 90' lang='lat' dir='ltr'><strong>et</strong></span> <span class='ocrx_word' id='word_1_169' title='bbox 231 1950 376 2016; x_wconf 86' lang='lat' dir='ltr'><strong>custodia</strong></span> <span class='ocrx_word' id='word_1_170' title='bbox 392 1950 495 2014; x_wconf 86' lang='lat' dir='ltr'><strong>omnis</strong></span> <span class='ocrx_word' id='word_1_171' title='bbox 513 1947 650 2014; x_wconf 86' lang='lat' dir='ltr'><strong>volucris</strong></span> <span class='ocrx_word' id='word_1_172' title='bbox 696 1972 755 2038; x_wconf 78' lang='lat' dir='ltr'><strong>age</strong></span> <span class='ocrx_word' id='word_1_173' title='bbox 769 1973 777 2014; x_wconf 90' lang='lat'>:</span> <span class='ocrx_word' id='word_1_174' title='bbox 791 1961 824 2014; x_wconf 88' lang='lat' dir='ltr'><strong>ct</strong></span> <span class='ocrx_word' id='word_1_175' title='bbox 843 1949 1042 2016; x_wconf 87' lang='lat' dir='ltr'><strong>confortetur</strong></span> <span class='ocrx_word' id='word_1_176' title='bbox 1056 1972 1114 2016; x_wconf 88' lang='lat' dir='ltr'><strong>cor</strong></span> <span class='ocrx_word' id='word_1_177' title='bbox 1129 1964 1234 2028; x_wconf 93' lang='lat' dir='ltr'><strong>tuum,</strong></span> 
     </span>
     <span class='ocr_line' id='line_1_21' title="bbox 107 2035 1232 2142; baseline 0.002 -36"><span class='ocrx_word' id='word_1_178' title='bbox 107 2038 300 2116; x_wconf 66' lang='lat' dir='ltr'><strong>immundas,</strong></span> <span class='ocrx_word' id='word_1_179' title='bbox 319 2037 488 2104; x_wconf 85' lang='lat' dir='ltr'><strong>etodibilis</strong></span> <span class='ocrx_word' id='word_1_180' title='bbox 503 2062 512 2102; x_wconf 90' lang='lat'>:</span> <span class='ocrx_word' id='word_1_181' title='bbox 525 2035 651 2142; x_wconf 72' lang='lat' dir='ltr'><strong>quiade</strong></span> <span class='ocrx_word' id='word_1_182' title='bbox 696 2050 729 2102; x_wconf 88' lang='lat' dir='ltr'><strong>et</strong></span> <span class='ocrx_word' id='word_1_183' title='bbox 765 2038 885 2103; x_wconf 78' lang='lat' dir='ltr'><strong>sustine</strong></span> <span class='ocrx_word' id='word_1_184' title='bbox 921 2038 1104 2103; x_wconf 82' lang='lat' dir='ltr'><strong>Dominum.</strong></span> <span class='ocrx_word' id='word_1_185' title='bbox 1143 2039 1232 2108; x_wconf 78' lang='lat' dir='ltr'><strong>Ptol.</strong></span> 
     </span>
     <span class='ocr_line' id='line_1_22' title="bbox 107 2125 822 2212; baseline 0 -21"><span class='ocrx_word' id='word_1_186' title='bbox 107 2128 181 2193; x_wconf 75' lang='lat' dir='ltr'><strong>rino</strong></span> <span class='ocrx_word' id='word_1_187' title='bbox 196 2129 254 2202; x_wconf 85' lang='lat' dir='ltr'><strong>irae</strong></span> <span class='ocrx_word' id='word_1_188' title='bbox 277 2126 497 2194; x_wconf 82' lang='lat' dir='ltr'><strong>fornicationis</strong></span> <span class='ocrx_word' id='word_1_189' title='bbox 520 2149 588 2212; x_wconf 73' lang='lat' dir='ltr'><strong>elna</strong></span> <span class='ocrx_word' id='word_1_190' title='bbox 604 2125 652 2188; x_wconf 92' lang='lat' dir='ltr'><strong>bi·</strong></span> <span class='ocrx_word' id='word_1_191' title='bbox 699 2127 749 2191; x_wconf 78' lang='lat'><strong>26.</strong></span> <span class='ocrx_word' id='word_1_192' title='bbox 775 2129 822 2205; x_wconf 66' lang='lat'><strong>¹4·</strong></span> 
     </span>
     <span class='ocr_line' id='line_1_23' title="bbox 108 2211 1237 2305; baseline -0.001 -23"><span class='ocrx_word' id='word_1_193' title='bbox 108 2211 223 2282; x_wconf 77' lang='lat' dir='ltr'><strong>temni</strong></span> <span class='ocrx_word' id='word_1_194' title='bbox 240 2240 355 2284; x_wconf 84' lang='lat' dir='ltr'><strong>omnes</strong></span> <span class='ocrx_word' id='word_1_195' title='bbox 370 2226 500 2305; x_wconf 78' lang='lat' dir='ltr'><strong>gentes:</strong></span> <span class='ocrx_word' id='word_1_196' title='bbox 514 2227 547 2280; x_wconf 87' lang='lat' dir='ltr'><strong>ot</strong></span> <span class='ocrx_word' id='word_1_197' title='bbox 564 2236 652 2302; x_wconf 81' lang='lat' dir='ltr'><strong>reges</strong></span> <span class='ocrx_word' id='word_1_198' title='bbox 742 2213 863 2278; x_wconf 88' lang='lat' dir='ltr'><strong>Domus</strong></span> <span class='ocrx_word' id='word_1_199' title='bbox 878 2214 952 2300; x_wconf 86' lang='lat' dir='ltr'><strong>justi</strong></span> <span class='ocrx_word' id='word_1_200' title='bbox 990 2213 1237 2282; x_wconf 82' lang='lat' dir='ltr'><strong>lurimafortitu-</strong></span> 
     </span>
     <span class='ocr_line' id='line_1_24' title="bbox 109 2238 1236 2393; baseline 0.003 -22"><span class='ocrx_word' id='word_1_201' title='bbox 109 2317 198 2373; x_wconf 81' lang='lat' dir='ltr'><strong>terrae</strong></span> <span class='ocrx_word' id='word_1_202' title='bbox 214 2329 296 2374; x_wconf 91' lang='lat' dir='ltr'><strong>cum</strong></span> <span class='ocrx_word' id='word_1_203' title='bbox 315 2303 367 2371; x_wconf 78' lang='lat' dir='ltr'><strong>illa</strong></span> <span class='ocrx_word' id='word_1_204' title='bbox 383 2303 532 2371; x_wconf 88' lang='lat' dir='ltr'><strong>fornicati</strong></span> <span class='ocrx_word' id='word_1_205' title='bbox 552 2314 651 2369; x_wconf 83' lang='lat' dir='ltr'><strong>suut:</strong></span> <span class='ocrx_word' id='word_1_206' title='bbox 698 2303 759 2368; x_wconf 90' lang='lat' dir='ltr'><strong>do:</strong></span> <span class='ocrx_word' id='word_1_207' title='bbox 776 2314 808 2368; x_wconf 89' lang='lat' dir='ltr'><strong>et</strong></span> <span class='ocrx_word' id='word_1_208' title='bbox 823 2303 857 2368; x_wconf 91' lang='lat' dir='ltr'><strong>in</strong></span> <span class='ocrx_word' id='word_1_209' title='bbox 874 2238 1029 2369; x_wconf 81' lang='lat' dir='ltr'><strong>fructibus</strong></span> <span class='ocrx_word' id='word_1_210' title='bbox 1053 2303 1142 2393; x_wconf 80' lang='lat' dir='ltr'><strong>impii</strong></span> <span class='ocrx_word' id='word_1_211' title='bbox 1157 2327 1236 2373; x_wconf 86' lang='lat' dir='ltr'><strong>eou-</strong></span> 
     </span>
     <span class='ocr_line' id='line_1_25' title="bbox 111 2392 1091 2463; baseline -0.002 -5"><span class='ocrx_word' id='word_1_212' title='bbox 111 2406 141 2459; x_wconf 87' lang='lat' dir='ltr'><strong>et</strong></span> <span class='ocrx_word' id='word_1_213' title='bbox 154 2408 355 2463; x_wconf 79' lang='lat' dir='ltr'><strong>mercatores</strong></span> <span class='ocrx_word' id='word_1_214' title='bbox 372 2406 463 2463; x_wconf 68' lang='lat' dir='ltr'><strong>terrae</strong></span> <span class='ocrx_word' id='word_1_215' title='bbox 480 2392 520 2461; x_wconf 85' lang='lat' dir='ltr'><strong>dc</strong></span> <span class='ocrx_word' id='word_1_216' title='bbox 536 2394 654 2459; x_wconf 84' lang='lat' dir='ltr'><strong>virtuto</strong></span> <span class='ocrx_word' id='word_1_217' title='bbox 697 2392 849 2458; x_wconf 87' lang='lat' dir='ltr'><strong>turbatio.</strong></span> <span class='ocrx_word' id='word_1_218' title='bbox 876 2392 975 2457; x_wconf 82' lang='lat' dir='ltr'><strong>Proo.</strong></span> <span class='ocrx_word' id='word_1_219' title='bbox 996 2392 1044 2457; x_wconf 79' lang='lat'><strong>15.</strong></span> <span class='ocrx_word' id='word_1_220' title='bbox 1060 2393 1091 2456; x_wconf 84' lang='lat'><strong>6.</strong></span> 
     </span>
     <span class='ocr_line' id='line_1_26' title="bbox 112 2479 1236 2571; baseline 0.003 -24"><span class='ocrx_word' id='word_1_221' title='bbox 112 2482 299 2551; x_wconf 84' lang='lat' dir='ltr'><strong>deliciarum</strong></span> <span class='ocrx_word' id='word_1_222' title='bbox 333 2483 403 2571; x_wconf 84' lang='lat' dir='ltr'><strong>ojus</strong></span> <span class='ocrx_word' id='word_1_223' title='bbox 433 2483 545 2548; x_wconf 82' lang='lat' dir='ltr'><strong>divites</strong></span> <span class='ocrx_word' id='word_1_224' title='bbox 577 2480 655 2547; x_wconf 83' lang='lat' dir='ltr'><strong>iacti</strong></span> <span class='ocrx_word' id='word_1_225' title='bbox 743 2479 909 2550; x_wconf 83' lang='lat' dir='ltr'><strong>Mulierem</strong></span> <span class='ocrx_word' id='word_1_226' title='bbox 926 2480 1040 2545; x_wconf 84' lang='lat' dir='ltr'><strong>sortem</strong></span> <span class='ocrx_word' id='word_1_227' title='bbox 1060 2482 1129 2567; x_wconf 88' lang='lat' dir='ltr'><strong>quis</strong></span> <span class='ocrx_word' id='word_1_228' title='bbox 1147 2484 1236 2550; x_wconf 80' lang='lat' dir='ltr'><strong>inva-</strong></span> 
     </span>
     <span class='ocr_line' id='line_1_27' title="bbox 116 2568 1051 2663; baseline -0.003 -27"><span class='ocrx_word' id='word_1_229' title='bbox 116 2586 190 2643; x_wconf 79' lang='lat' dir='ltr'><strong>suot</strong></span> <span class='ocrx_word' id='word_1_230' title='bbox 207 2576 321 2663; x_wconf 81' lang='lat' dir='ltr'><strong>Apoc.</strong></span> <span class='ocrx_word' id='word_1_231' title='bbox 343 2574 391 2637; x_wconf 82' lang='lat'><strong>18.</strong></span> <span class='ocrx_word' id='word_1_232' title='bbox 412 2594 442 2637; x_wconf 85' lang='lat' dir='ltr'><strong>a.</strong></span> <span class='ocrx_word' id='word_1_233' title='bbox 458 2572 488 2637; x_wconf 76' lang='lat'><strong>5.</strong></span> <span class='ocrx_word' id='word_1_234' title='bbox 700 2568 892 2635; x_wconf 79' lang='lat' dir='ltr'><strong>niettlttd.</strong></span> <span class='ocrx_word' id='word_1_235' title='bbox 914 2569 965 2632; x_wconf 75' lang='lat'><strong>51.</strong></span> <span class='ocrx_word' id='word_1_236' title='bbox 991 2592 1051 2635; x_wconf 74' lang='lat' dir='ltr'><strong>ro..</strong></span> 
     </span>
    </p>

    <p class='ocr_par' dir='ltr' id='par_1_5' title="bbox 269 2656 1238 2901">
     <span class='ocr_line' id='line_1_28' title="bbox 744 2656 1238 2733; baseline 0.012 -12"><span class='ocrx_word' id='word_1_237' title='bbox 744 2658 785 2722; x_wconf 87' lang='lat' dir='ltr'><strong>Et</strong></span> <span class='ocrx_word' id='word_1_238' title='bbox 800 2656 945 2722; x_wconf 88' lang='lat' dir='ltr'><strong>dicebam</strong></span> <span class='ocrx_word' id='word_1_239' title='bbox 967 2680 985 2721; x_wconf 85' lang='lat' dir='ltr'><strong>e</strong></span> <span class='ocrx_word' id='word_1_240' title='bbox 1007 2680 1050 2733; x_wconf 94' lang='lat' dir='ltr'><strong>o,</strong></span> <span class='ocrx_word' id='word_1_241' title='bbox 1072 2658 1238 2727; x_wconf 86' lang='lat' dir='ltr'><strong>meliorem</strong></span> 
     </span>
     <span class='ocr_line' id='line_1_29' title="bbox 269 2744 1238 2833; baseline 0.006 -24"><span class='ocrx_word' id='word_1_242' title='bbox 269 2765 498 2811; x_wconf 80' lang='lat' dir='ltr'><strong>roartruno.</strong></span> <span class='ocrx_word' id='word_1_243' title='bbox 701 2770 768 2811; x_wconf 87' lang='lat' dir='ltr'><strong>esse</strong></span> <span class='ocrx_word' id='word_1_244' title='bbox 776 2744 963 2833; x_wconf 81' lang='lat' dir='ltr'><strong>sapientiam</strong></span> <span class='ocrx_word' id='word_1_245' title='bbox 984 2746 1238 2815; x_wconf 78' lang='lat' dir='ltr'><strong>ortitudinc.b&#39;c·</strong></span> 
     </span>
     <span class='ocr_line' id='line_1_30' title="bbox 701 2834 897 2901; baseline -0.005 -2"><span class='ocrx_word' id='word_1_246' title='bbox 701 2836 773 2901; x_wconf 66' lang='grc' dir='ltr'><strong>σία.</strong></span> <span class='ocrx_word' id='word_1_247' title='bbox 816 2834 897 2898; x_wconf 83' lang='lat'><strong>.16.</strong></span> 
     </span>
    </p>

    <p class='ocr_par' dir='ltr' id='par_1_6' title="bbox 105 2858 1241 3628">
     <span class='ocr_line' id='line_1_31' title="bbox 154 2858 1237 3015; baseline -0.001 -23"><span class='ocrx_word' id='word_1_248' title='bbox 154 2926 309 2993; x_wconf 61' lang='lat' dir='ltr'><strong>audens</strong></span> <span class='ocrx_word' id='word_1_249' title='bbox 334 2922 539 2997; x_wconf 73' lang='lat' dir='ltr'><strong>Auratam,</strong></span> <span class='ocrx_word' id='word_1_250' title='bbox 563 2944 657 3010; x_wconf 73' lang='lat' dir='ltr'><strong>nepo</strong></span> <span class='ocrx_word' id='word_1_251' title='bbox 745 2858 862 2990; x_wconf 65' lang='lat' dir='ltr'><strong>Fadtus</strong></span> <span class='ocrx_word' id='word_1_252' title='bbox 874 2945 908 2988; x_wconf 88' lang='lat' dir='ltr'><strong>es</strong></span> <span class='ocrx_word' id='word_1_253' title='bbox 919 2922 1081 2989; x_wconf 89' lang='lat' dir='ltr'><strong>lortudido</strong></span> <span class='ocrx_word' id='word_1_254' title='bbox 1092 2926 1237 3015; x_wconf 85' lang='lat' dir='ltr'><strong>pauperi,</strong></span> 
     </span>
     <span class='ocr_line' id='line_1_32' title="bbox 105 3010 1239 3100; baseline 0.003 -22"><span class='ocrx_word' id='word_1_255' title='bbox 105 3028 178 3091; x_wconf 64' lang='lat' dir='ltr'><strong>‚torn</strong></span> <span class='ocrx_word' id='word_1_256' title='bbox 202 3037 302 3081; x_wconf 75' lang='lat' dir='ltr'><strong>mum</strong></span> <span class='ocrx_word' id='word_1_257' title='bbox 316 3010 397 3079; x_wconf 81' lang='lat' dir='ltr'><strong>Lotlt</strong></span> <span class='ocrx_word' id='word_1_258' title='bbox 412 3034 475 3077; x_wconf 80' lang='lat' dir='ltr'><strong>esse</strong></span> <span class='ocrx_word' id='word_1_259' title='bbox 495 3025 628 3098; x_wconf 83' lang='lat' dir='ltr'><strong>captum</strong></span> <span class='ocrx_word' id='word_1_260' title='bbox 642 3058 655 3084; x_wconf 89' lang='lat'><strong>,</strong></span> <span class='ocrx_word' id='word_1_261' title='bbox 701 3012 856 3079; x_wconf 84' lang='lat' dir='ltr'><strong>fortitudo</strong></span> <span class='ocrx_word' id='word_1_262' title='bbox 870 3034 971 3100; x_wconf 74' lang='lat' dir='ltr'><strong>egeno</strong></span> <span class='ocrx_word' id='word_1_263' title='bbox 988 3011 1019 3076; x_wconf 93' lang='lat' dir='ltr'><strong>in</strong></span> <span class='ocrx_word' id='word_1_264' title='bbox 1034 3010 1239 3081; x_wconf 85' lang='lat' dir='ltr'><strong>tribulatione</strong></span> 
     </span>
     <span class='ocr_line' id='line_1_33' title="bbox 116 3100 972 3191; baseline -0.002 -24"><span class='ocrx_word' id='word_1_265' title='bbox 116 3104 288 3191; x_wconf 79' lang='lat' dir='ltr'><strong>assumptis</strong></span> <span class='ocrx_word' id='word_1_266' title='bbox 318 3100 596 3167; x_wconf 62' lang='lat' dir='ltr'><strong>commeationis</strong></span> <span class='ocrx_word' id='word_1_267' title='bbox 628 3114 658 3163; x_wconf 85' lang='lat' dir='ltr'><strong>et</strong></span> <span class='ocrx_word' id='word_1_268' title='bbox 702 3106 769 3169; x_wconf 77' lang='lat' dir='ltr'><strong>sud.</strong></span> <span class='ocrx_word' id='word_1_269' title='bbox 789 3100 857 3166; x_wconf 78' lang='lat' dir='ltr'><strong>loa.</strong></span> <span class='ocrx_word' id='word_1_270' title='bbox 878 3100 972 3178; x_wconf 69' lang='lat' dir='ltr'><strong>abl..</strong></span> 
     </span>
     <span class='ocr_line' id='line_1_34' title="bbox 117 3185 1240 3285; baseline 0 -30"><span class='ocrx_word' id='word_1_271' title='bbox 117 3190 195 3260; x_wconf 73' lang='lat' dir='ltr'><strong>attis</strong></span> <span class='ocrx_word' id='word_1_272' title='bbox 204 3192 321 3264; x_wconf 79' lang='lat' dir='ltr'><strong>sociis,</strong></span> <span class='ocrx_word' id='word_1_273' title='bbox 341 3190 444 3254; x_wconf 79' lang='lat' dir='ltr'><strong>irruit</strong></span> <span class='ocrx_word' id='word_1_274' title='bbox 457 3202 659 3285; x_wconf 63' lang='lat' dir='ltr'><strong>nocupuper</strong></span> <span class='ocrx_word' id='word_1_275' title='bbox 751 3189 857 3255; x_wconf 88' lang='lat' dir='ltr'><strong>Dicite</strong></span> <span class='ocrx_word' id='word_1_276' title='bbox 892 3185 1100 3276; x_wconf 79' lang='lat' dir='ltr'><strong>pusillanimis</strong></span> <span class='ocrx_word' id='word_1_277' title='bbox 1122 3214 1130 3254; x_wconf 94' lang='lat'><strong>:</strong></span> <span class='ocrx_word' id='word_1_278' title='bbox 1152 3188 1240 3256; x_wconf 87' lang='lat' dir='ltr'><strong>Con-</strong></span> 
     </span>
     <span class='ocr_line' id='line_1_35' title="bbox 116 3276 1237 3369; baseline 0.003 -26"><span class='ocrx_word' id='word_1_279' title='bbox 116 3294 256 3363; x_wconf 82' lang='lat' dir='ltr'><strong>quatuor</strong></span> <span class='ocrx_word' id='word_1_280' title='bbox 280 3302 390 3369; x_wconf 75' lang='lat' dir='ltr'><strong>regas,</strong></span> <span class='ocrx_word' id='word_1_281' title='bbox 421 3278 480 3364; x_wconf 78' lang='lat' dir='ltr'><strong>qui</strong></span> <span class='ocrx_word' id='word_1_282' title='bbox 509 3291 659 3364; x_wconf 78' lang='lat' dir='ltr'><strong>ceperant</strong></span> <span class='ocrx_word' id='word_1_283' title='bbox 702 3277 891 3353; x_wconf 68' lang='lat' dir='ltr'><strong>sortiamini,</strong></span> <span class='ocrx_word' id='word_1_284' title='bbox 918 3289 950 3341; x_wconf 88' lang='lat' dir='ltr'><strong>ct</strong></span> <span class='ocrx_word' id='word_1_285' title='bbox 974 3276 1072 3343; x_wconf 89' lang='lat' dir='ltr'><strong>nolito</strong></span> <span class='ocrx_word' id='word_1_286' title='bbox 1098 3277 1237 3345; x_wconf 84' lang='lat' dir='ltr'><strong>timere:</strong></span> 
     </span>
     <span class='ocr_line' id='line_1_36' title="bbox 115 3364 1241 3456; baseline 0.004 -25"><span class='ocrx_word' id='word_1_287' title='bbox 115 3368 223 3433; x_wconf 80' lang='lat' dir='ltr'><strong>illum.</strong></span> <span class='ocrx_word' id='word_1_288' title='bbox 246 3368 292 3433; x_wconf 82' lang='lat' dir='ltr'><strong>Et</strong></span> <span class='ocrx_word' id='word_1_289' title='bbox 311 3366 473 3456; x_wconf 80' lang='lat' dir='ltr'><strong>percussis</strong></span> <span class='ocrx_word' id='word_1_290' title='bbox 496 3364 655 3439; x_wconf 78' lang='lat' dir='ltr'><strong>hostibus,</strong></span> <span class='ocrx_word' id='word_1_291' title='bbox 704 3366 788 3433; x_wconf 74' lang='lat' dir='ltr'><strong>Ecce</strong></span> <span class='ocrx_word' id='word_1_292' title='bbox 802 3366 888 3431; x_wconf 83' lang='lat' dir='ltr'><strong>Deus</strong></span> <span class='ocrx_word' id='word_1_293' title='bbox 901 3378 1006 3431; x_wconf 82' lang='lat' dir='ltr'><strong>vester</strong></span> <span class='ocrx_word' id='word_1_294' title='bbox 1016 3366 1171 3433; x_wconf 90' lang='lat' dir='ltr'><strong>ultionem</strong></span> <span class='ocrx_word' id='word_1_295' title='bbox 1182 3368 1241 3435; x_wconf 86' lang='lat' dir='ltr'><strong>ad-</strong></span> 
     </span>
     <span class='ocr_line' id='line_1_37' title="bbox 112 3452 1241 3546; baseline 0.003 -25"><span class='ocrx_word' id='word_1_296' title='bbox 112 3456 421 3523; x_wconf 67' lang='lat' dir='ltr'><strong>reduettlottcam</strong></span> <span class='ocrx_word' id='word_1_297' title='bbox 428 3460 494 3518; x_wconf 79' lang='lat' dir='ltr'><strong>totd</strong></span> <span class='ocrx_word' id='word_1_298' title='bbox 504 3452 659 3521; x_wconf 78' lang='lat' dir='ltr'><strong>suusota-</strong></span> <span class='ocrx_word' id='word_1_299' title='bbox 703 3456 802 3521; x_wconf 85' lang='lat' dir='ltr'><strong>ducet</strong></span> <span class='ocrx_word' id='word_1_300' title='bbox 815 3454 1055 3521; x_wconf 87' lang='lat' dir='ltr'><strong>retributionis:</strong></span> <span class='ocrx_word' id='word_1_301' title='bbox 1073 3457 1158 3524; x_wconf 76' lang='lat' dir='ltr'><strong>Deus</strong></span> <span class='ocrx_word' id='word_1_302' title='bbox 1175 3460 1241 3546; x_wconf 86' lang='lat' dir='ltr'><strong>ipse</strong></span> 
     </span>
     <span class='ocr_line' id='line_1_38' title="bbox 112 3542 1238 3628; baseline -0.002 -18"><span class='ocrx_word' id='word_1_303' title='bbox 112 3547 232 3611; x_wconf 64' lang='lat' dir='ltr'><strong>tamaii.</strong></span> <span class='ocrx_word' id='word_1_304' title='bbox 254 3546 338 3619; x_wconf 77' lang='lat' dir='ltr'><strong>Gan.</strong></span> <span class='ocrx_word' id='word_1_305' title='bbox 361 3547 410 3623; x_wconf 76' lang='lat'><strong>14.</strong></span> <span class='ocrx_word' id='word_1_306' title='bbox 430 3545 479 3622; x_wconf 70' lang='lat' dir='ltr'><strong>rb.</strong></span> <span class='ocrx_word' id='word_1_307' title='bbox 499 3556 529 3611; x_wconf 80' lang='lat' dir='ltr'><strong>et</strong></span> <span class='ocrx_word' id='word_1_308' title='bbox 542 3564 605 3628; x_wconf 75' lang='lat' dir='ltr'><strong>seq.</strong></span> <span class='ocrx_word' id='word_1_309' title='bbox 704 3543 882 3619; x_wconf 86' lang='lat' dir='ltr'><strong>veniat,.et</strong></span> <span class='ocrx_word' id='word_1_310' title='bbox 900 3542 1034 3608; x_wconf 86' lang='lat' dir='ltr'><strong>salvabit</strong></span> <span class='ocrx_word' id='word_1_311' title='bbox 1053 3568 1119 3611; x_wconf 84' lang='lat' dir='ltr'><strong>vos.</strong></span> <span class='ocrx_word' id='word_1_312' title='bbox 1149 3545 1238 3612; x_wconf 84' lang='lat' dir='ltr'><strong>Ibid.</strong></span> 
     </span>
    </p>

    <p class='ocr_par' dir='ltr' id='par_1_7' title="bbox 97 3631 1243 4075">
     <span class='ocr_line' id='line_1_39' title="bbox 153 3631 805 3721; baseline -0.009 -20"><span class='ocrx_word' id='word_1_313' title='bbox 153 3634 264 3701; x_wconf 81' lang='lat' dir='ltr'><strong>Hodib</strong></span> <span class='ocrx_word' id='word_1_314' title='bbox 279 3633 439 3721; x_wconf 78' lang='lat' dir='ltr'><strong>octoginta</strong></span> <span class='ocrx_word' id='word_1_315' title='bbox 475 3631 593 3718; x_wconf 75' lang='lat' dir='ltr'><strong>uiaque</strong></span> <span class='ocrx_word' id='word_1_316' title='bbox 605 3652 660 3695; x_wconf 87' lang='lat' dir='ltr'><strong>an·</strong></span> <span class='ocrx_word' id='word_1_317' title='bbox 705 3634 757 3699; x_wconf 81' lang='lat'><strong>55.</strong></span> <span class='ocrx_word' id='word_1_318' title='bbox 774 3634 805 3710; x_wconf 70' lang='grc'><strong>4.</strong></span> 
     </span>
     <span class='ocr_line' id='line_1_40' title="bbox 109 3655 1242 3807; baseline -0.003 -18"><span class='ocrx_word' id='word_1_319' title='bbox 109 3744 231 3789; x_wconf 90' lang='lat' dir='ltr'><strong>norum</strong></span> <span class='ocrx_word' id='word_1_320' title='bbox 248 3746 321 3789; x_wconf 89' lang='lat' dir='ltr'><strong>sum</strong></span> <span class='ocrx_word' id='word_1_321' title='bbox 337 3773 346 3798; x_wconf 96' lang='lat'><strong>,</strong></span> <span class='ocrx_word' id='word_1_322' title='bbox 362 3722 408 3787; x_wconf 85' lang='lat' dir='ltr'><strong>sic</strong></span> <span class='ocrx_word' id='word_1_323' title='bbox 423 3655 551 3795; x_wconf 77' lang='lat' dir='ltr'><strong>videns,</strong></span> <span class='ocrx_word' id='word_1_324' title='bbox 567 3731 604 3783; x_wconf 89' lang='lat' dir='ltr'><strong>ut</strong></span> <span class='ocrx_word' id='word_1_325' title='bbox 621 3740 659 3783; x_wconf 88' lang='lat' dir='ltr'><strong>co</strong></span> <span class='ocrx_word' id='word_1_326' title='bbox 750 3720 835 3787; x_wconf 88' lang='lat' dir='ltr'><strong>Cous</strong></span> <span class='ocrx_word' id='word_1_327' title='bbox 894 3743 931 3797; x_wconf 83' lang='lat' dir='ltr'><strong>a,</strong></span> <span class='ocrx_word' id='word_1_328' title='bbox 945 3720 1242 3807; x_wconf 79' lang='lat' dir='ltr'><strong>consurgo,induc-</strong></span> 
     </span>
     <span class='ocr_line' id='line_1_41' title="bbox 97 3805 1239 3899; baseline -0.004 -22"><span class='ocrx_word' id='word_1_329' title='bbox 97 3810 264 3893; x_wconf 64' lang='lat' dir='ltr'><strong>‚valebam</strong></span> <span class='ocrx_word' id='word_1_330' title='bbox 291 3824 452 3899; x_wconf 86' lang='lat' dir='ltr'><strong>tempore,</strong></span> <span class='ocrx_word' id='word_1_331' title='bbox 469 3806 596 3896; x_wconf 79' lang='lat' dir='ltr'><strong>quando</strong></span> <span class='ocrx_word' id='word_1_332' title='bbox 619 3805 661 3871; x_wconf 88' lang='lat' dir='ltr'><strong>ad</strong></span> <span class='ocrx_word' id='word_1_333' title='bbox 705 3832 741 3875; x_wconf 90' lang='lat' dir='ltr'><strong>rc</strong></span> <span class='ocrx_word' id='word_1_334' title='bbox 752 3810 840 3875; x_wconf 90' lang='lat' dir='ltr'><strong>fortit</strong></span> <span class='ocrx_word' id='word_1_335' title='bbox 886 3811 937 3874; x_wconf 88' lang='lat' dir='ltr'><strong>ine</strong></span> <span class='ocrx_word' id='word_1_336' title='bbox 954 3815 1007 3875; x_wconf 79' lang='lat' dir='ltr'><strong>tud</strong></span> <span class='ocrx_word' id='word_1_337' title='bbox 1022 3858 1031 3885; x_wconf 90' lang='lat'><strong>,</strong></span> <span class='ocrx_word' id='word_1_338' title='bbox 1045 3808 1133 3873; x_wconf 87' lang='lat' dir='ltr'><strong>Sion.</strong></span> <span class='ocrx_word' id='word_1_339' title='bbox 1148 3808 1169 3872; x_wconf 86' lang='lat'><em>1</em></span> <span class='ocrx_word' id='word_1_340' title='bbox 1172 3808 1239 3873; x_wconf 82' lang='lat' dir='ltr'><strong>bid.</strong></span> 
     </span>
     <span class='ocr_line' id='line_1_42' title="bbox 109 3894 1100 3990; baseline -0.002 -25"><span class='ocrx_word' id='word_1_341' title='bbox 109 3900 351 3990; x_wconf 85' lang='lat' dir='ltr'><strong>explorandum</strong></span> <span class='ocrx_word' id='word_1_342' title='bbox 373 3898 484 3971; x_wconf 86' lang='lat' dir='ltr'><strong>missus</strong></span> <span class='ocrx_word' id='word_1_343' title='bbox 509 3918 578 3967; x_wconf 86' lang='lat' dir='ltr'><strong>sum</strong></span> <span class='ocrx_word' id='word_1_344' title='bbox 599 3918 607 3959; x_wconf 90' lang='lat'>:</span> <span class='ocrx_word' id='word_1_345' title='bbox 626 3894 660 3961; x_wconf 92' lang='lat' dir='ltr'><strong>il-</strong></span> <span class='ocrx_word' id='word_1_346' title='bbox 706 3900 759 3965; x_wconf 74' lang='lat'><strong>52.</strong></span> <span class='ocrx_word' id='word_1_347' title='bbox 789 3923 815 3963; x_wconf 92' lang='grc' dir='ltr'><strong>ι.</strong></span> <span class='ocrx_word' id='word_1_348' title='bbox 1098 3921 1100 3928; x_wconf 94' lang='grc'><strong><em>·</em></strong></span> 
     </span>
     <span class='ocr_line' id='line_1_43' title="bbox 109 3980 1243 4075; baseline -0.003 -19"><span class='ocrx_word' id='word_1_349' title='bbox 109 3989 171 4059; x_wconf 85' lang='lat' dir='ltr'><strong>lius</strong></span> <span class='ocrx_word' id='word_1_350' title='bbox 197 3992 233 4059; x_wconf 93' lang='lat' dir='ltr'><strong>in</strong></span> <span class='ocrx_word' id='word_1_351' title='bbox 258 4012 311 4057; x_wconf 85' lang='lat' dir='ltr'><strong>mo</strong></span> <span class='ocrx_word' id='word_1_352' title='bbox 332 3988 481 4075; x_wconf 87' lang='lat' dir='ltr'><strong>temporis</strong></span> <span class='ocrx_word' id='word_1_353' title='bbox 508 3984 659 4053; x_wconf 81' lang='lat' dir='ltr'><strong>fortitudo</strong></span> <span class='ocrx_word' id='word_1_354' title='bbox 748 3984 1116 4071; x_wconf 62' lang='lat' dir='ltr'><strong>Mirans-fortitudinem</strong></span> <span class='ocrx_word' id='word_1_355' title='bbox 1125 3980 1243 4055; x_wconf 75' lang='lat' dir='ltr'><strong>babut-</strong></span> 
     </span>
    </p>
   </div>
   <div class='ocr_carea' id='block_1_3' title="bbox 0 0 1450 4725">
    <p class='ocr_par' dir='ltr' id='par_1_8' title="bbox 0 0 1450 4725">
     <span class='ocr_line' id='line_1_44' title="bbox 0 0 1450 4725; baseline 0 0"><span class='ocrx_word' id='word_1_356' title='bbox 0 0 1450 4725; x_wconf 95' lang='lat' dir='ltr'><strong> </strong></span> 
     </span>
    </p>
   </div>
  </div>
 </body>
</html>
