2884 4725
310 313 404 383 ΕΟΜ
853 309 947 379 ΗΟΜ
1142 315 1206 392 das

75 425 106 491 ὅ.
121 424 160 490 ὅ.
181 424 279 506 Quod
288 436 400 495 natum
414 435 462 490 ost
475 443 625 489 mosano
666 444 743 489 nere
766 444 821 489 ros
843 422 1020 491 secundum
1038 422 1209 511 'pristinam
1346 470 1353 485 .

75 537 155 579 caro
176 525 227 579 cst
248 538 258 579 r
281 525 314 581 et
332 512 420 601 qnod
441 524 552 579 natum
578 523 626 577 cst
666 512 940 578 conversationem
954 524 1094 579 veterem
1110 511 1209 579 honri÷

74 626 114 668 ex
129 602 263 691 spiritu,
281 602 477 691 spiritusest.
494 624 528 666 u.
547 601 579 666 6.
666 624 766 677 nem,
789 601 845 687 qni
865 602 1079 690 corrumpitur
1098 619 1209 667 secun·

118 690 191 757 Sed
217 714 312 779 aqua,
336 713 433 779 qnam
454 712 514 778 ego
542 686 626 753 dabo
667 687 910 755 dr'rmdesidoria
926 690 1053 755 erroris.
1068 686 1209 755 renova

73 780 122 856 ei,
143 778 207 845 iiet
220 780 253 845 in
267 799 307 844 eo
326 780 399 855 fons
412 801 502 866 aquae
515 776 627 843 saiien·
667 778 744 845 mini
759 791 865 844 antem
884 779 994 885 spiritu
1008 779 1211 853 mentisves-

72 869 113 933 tis
128 869 165 933 in
182 869 281 934 vitam
299 880 461 934 arternum.
479 866 570 933 Ibid.
590 869 622 945 4.
668 878 744 942 trae,
769 879 802 932 et
821 867 943 933 indurte
965 888 1084 933 novum
1108 866 1210 933 homi.

77 959 128 1036 td.
667 955 818 1044 nem,qui
826 956 1003 1023 secundum
1011 954 1115 1021 Deum
1123 978 1211 1022 crea·

120 1043 191 1124 Qui
208 1044 308 1111 credit
322 1044 355 1109 in
369 1065 441 1121 me,
458 1044 540 1110 sicut
551 1041 628 1116 dicit
667 1055 719 1111 tus
734 1056 782 1109 est
796 1045 828 1111 in
843 1045 976 1131 justitid,
993 1056 1026 1110 ct
1044 1043 1210 1111 sanctitate

73 1132 272 1222 Scriptura,
292 1132 424 1199 flumina
450 1131 491 1197 de
516 1143 627 1202 ventre
668 1132 817 1198 veritatis.
836 1132 953 1222 Ephes.
972 1136 1005 1212 4.
1028 1156 1079 1199 no.
1097 1146 1128 1197 ct
1142 1156 1206 1219 aeq.

71 1221 265 1306 ejusssrrent
278 1244 367 1309 nquae
378 1221 465 1289 dvc.
482 1218 573 1285 Idid.
593 1244 624 1306 7,
671 1220 759 1285 Vide
773 1221 866 1287 Rom.
883 1222 914 1286 6.
929 1225 961 1301 4.

75 1311 131 1375 58.
715 1308 808 1375 Nunc
824 1322 932 1390 autem
947 1310 988 1374 dc
1010 1309 1097 1375 onite
1109 1321 1141 1375 et
1155 1332 1209 1377 voa

74 1456 79 1463 ,
122 1398 211 1467 Nam
232 1398 258 1463 si
277 1397 388 1465 decem
408 1395 504 1465 millis
519 1394 628 1484 paeda-
669 1398 774 1463 omnia
793 1420 801 1462 :
818 1398 919 1475 irnm,
943 1332 1210 1486 indignationem,

75 1508 240 1576 gottorum
261 1485 404 1553 habeatis
425 1485 459 1550 in
479 1484 626 1561 Christo,
669 1482 849 1562 malitiam,
870 1484 1125 1575 blasphemiam,
1147 1498 1211 1551 tur-

74 1539 139 1644 aed
164 1596 234 1640 non
256 1573 371 1639 multos
398 1585 515 1662 patres.
547 1572 627 1639 Nam
669 1596 742 1661 pem
761 1597 941 1640 sermonem
955 1575 997 1640 dc
1018 1598 1074 1640 ore
1092 1587 1207 1641 vestro.

75 1664 112 1733 in
137 1662 271 1728 Christo
290 1662 364 1727 Jesu
387 1684 445 1750 per
466 1660 629 1751 Evangeli·
670 1661 774 1729 Nolito
794 1664 921 1730 mentiri
939 1664 1098 1738 invicem,
1120 1686 1212 1752 expo

79 1775 141 1815 um
161 1774 225 1840 ego
252 1772 303 1817 ros
317 1748 427 1840 genui
447 1774 475 1815 r.
496 1750 573 1817 Cor.
592 1753 624 1829 4.
669 1748 781 1817 liantes
802 1776 858 1827 vos
884 1765 1024 1819 veterem
1050 1750 1212 1823 hominem

86 1841 142 1907 15.
669 1861 744 1905 cum
759 1841 883 1907 actibus
898 1842 975 1920 suis,
997 1854 1029 1906 ct
1044 1840 1212 1906 induentes

32 1948 39 1961 ·
127 1926 254 1993 Primus
269 1926 367 1995 homo
382 1926 423 1994 dc
444 1932 545 2003 terri,
566 1939 628 1993 ter·
669 1952 808 2007 novum,
832 1954 906 1996 eum
924 1931 978 2018 qui
994 1942 1164 1995 ronovatur
1178 1929 1211 1994 in

78 2038 179 2083 renus
193 2039 203 2081 a
217 2016 482 2087 secundushomo
497 2015 629 2101 (Cirris-
669 2017 882 2106 agnitionem,
906 2019 1083 2093 sccundtrm
1105 2017 1212 2105 imagi·

79 2108 151 2192 trra)
175 2105 218 2170 de
238 2103 340 2181 coelo,
356 2104 502 2174 coeicstis.
516 2104 628 2185 Qualis
669 2129 744 2171 nem
765 2108 860 2194 ejus,
889 2109 943 2194 qui
967 2107 1085 2175 creavit
1107 2103 1208 2171 illum.
1252 2114 1253 2117 ’

80 2205 247 2270 terrenus,
271 2192 349 2261 tales
371 2206 404 2259 et
419 2194 538 2262 terreni
562 2217 570 2258 ι
595 2206 628 2260 ct
671 2192 790 2259 Cotosr.
807 2196 837 2260 ὅ.
852 2198 883 2261 8.
902 2211 933 2261 ct
946 2219 1011 2283 aeq.
1035 2194 1121 2263 Vide
1135 2209 1208 2261 cto.

82 2282 182 2370 qualis
197 2281 354 2357 coeiestis,
370 2281 449 2349 tales
468 2294 500 2346 ot
515 2280 629 2349 coeles-
674 2304 725 2346 ra.

84 2383 142 2437 tes.
172 2371 295 2460 igitur,
322 2371 406 2438 sicut
434 2372 628 2460 portavimus
723 2369 805 2438 cnm
836 2383 944 2436 antem
972 2371 1150 2460 benignitas
1179 2384 1214 2438 et

84 2459 252 2547 imaginem
279 2460 399 2526 terreni
428 2482 436 2525 r
463 2472 628 2614 portemus
669 2458 849 2526 humanitas
872 2460 1021 2549 apparuit
1041 2457 1211 2527 Salvatoris

88 2560 122 2612 ct
130 2547 450 2636 imaginemcoeiestis.
487 2549 554 2614 did.
574 2551 624 2619 15.
669 2547 769 2613 nostri
794 2547 876 2624 Dei,
903 2571 968 2614 non
994 2571 1033 2614 cx
1064 2549 1211 2638 operibus

88 2638 143 2723 47.
162 2651 266 2723 arcp.
469 2693 474 2702 .
669 2637 816 2724 justitiae,
832 2658 902 2724 qnae
917 2636 1049 2710 fecimus
1061 2661 1137 2714 nos,
1154 2637 1211 2704 sed

91 2782 96 2790 .
129 2724 195 2790 Sed
217 2724 289 2792 licet
309 2726 355 2802 is,
374 2724 428 2812 qui
457 2724 533 2798 foris
558 2738 626 2804 eat,
668 2725 845 2792 secundum
860 2747 949 2790 suam
961 2725 1211 2794 misericordium
1298 2789 1309 2818 ⁵,

83 2825 191 2880 noster
204 2814 303 2880 homo
319 2826 564 2902 corrumpaturs
579 2826 628 2880 ta.-
668 2813 771 2880 salvos
790 2837 849 2880 nos
864 2813 951 2891 fecit,
971 2837 1029 2903 per
1048 2814 1210 2882 lavacrum

81 2904 375 2990 menia,quiintirs
385 2915 445 2979 est,
458 2916 628 2969 renovatur
669 2897 916 2992 regenerationis
939 2916 972 2968 et
997 2905 1210 2971 renovationis

83 2989 186 3057 dedic
206 2993 241 3057 in
264 2991 360 3057 diem.
377 3015 406 3056 n.
424 2991 501 3056 Cor.
519 2995 552 3072 4.
575 2993 623 3060 ι6.
669 2992 804 3080 Spiritus
827 2991 953 3068 Sancti,
977 3016 1073 3080 quern
1098 2993 1211 3060 ess'udit

128 3078 325 3160 Filiolimei,
338 3103 417 3168 quos
429 3080 545 3145 iterr'rm
558 3104 628 3169 par·
669 3082 701 3147 in
713 3104 770 3147 nos
779 3080 906 3146 abundo
917 3103 975 3169 per·
986 3079 1097 3149 desum
1105 3082 1209 3150 Chris

85 3167 184 3243 turio,
199 3167 301 3236 donec
315 3170 472 3240 formetur
484 3168 627 3237 Christus
668 3183 737 3236 turn
753 3168 949 3235 Salvatorem
963 3183 1117 3246 nostrum.
1139 3169 1206 3238 Tit·

86 3255 121 3319 in
135 3255 232 3322 vobis.
251 3259 323 3326 oar.
339 3260 371 3337 4.
392 3281 441 3345 ¹9·
453 3258 539 3323 Vide
550 3258 623 3332 Joc.
671 3261 701 3327 ὅ.
714 3261 746 3338 4.
759 3260 789 3324 5.
810 3259 840 3322 6.
870 3271 874 3280 “

47 3382 50 3386 1
91 3364 120 3407 r.
140 3345 190 3409 18.
208 3346 325 3412 r.Petr·.
336 3349 368 3425 4.
380 3345 517 3412 n.Hebr.
537 3369 623 3416 rar.
711 3345 1209 3437 chatinoncxscminccorrnp·

133 3431 172 3498 ln
188 3429 312 3500 Christo
325 3435 411 3500 enim
426 3433 504 3500 «lesu
524 3456 628 3523 neque
669 3434 774 3513 tibili,
805 3434 860 3500 sod
894 3434 1126 3524 incorruptibili
1151 3461 1209 3525 per

86 3519 283 3588 circumcisio
305 3522 422 3611 aliquid
444 3522 544 3599 valet,
568 3546 628 3590 nc·
668 3522 1209 3610 verbuchivivi,ctpermnncntis

85 3612 628 3769 iiiiiiii‘imii‘hm'w‘ffi
668 3612 1193 3790 ffitttttffitrittntdin

128 3785 193 3854 vos
213 3802 322 3856 antem
337 3811 402 3855 non
421 3789 464 3854 iu
480 3788 628 3855 didicistis
668 3788 759 3857 ibid.
776 3815 804 3858 a.
820 3814 854 3858 a.
875 3790 960 3856 Vide
973 3785 1086 3855 lacot.
1106 3808 1133 3854 r.
1155 3789 1205 3864 18,

84 3873 269 3955 Christum,
294 3878 320 3945 si
342 3889 449 3944 tamen
463 3876 554 3946 illum
574 3901 628 3944 nu·

80 3963 187 4044 distis,
212 3978 248 4033 ct
272 3966 308 4032 in
329 3964 397 4054 ipso
415 3965 518 4034 edocti
541 3968 626 4043 estis,

80 4053 162 4123 sicut
174 4067 226 4124 cst
239 4055 357 4124 veritas
371 4056 404 4122 in
420 4054 506 4129 decu.
525 4054 628 4144 Depo·
690 4058 956 4149 For-navitigirur
963 4055 1208 4130 DominusDeus

735 3923 844 3992 Homo
857 3923 968 4022 potuis
978 3936 1009 3988 et
1023 3921 1139 3988 rorum.
