2884 4725
83 80 126 156 ‘x

127 158 162 226 χ
273 193 278 201 .

211 324 271 462 χ
322 280 429 361 'cuc
810 360 813 365 Α
886 260 984 367 'dun
1175 325 1234 393 ως

275 430 307 483 is
322 406 416 472 Deus
432 408 527 495 hujus
543 404 650 494 sz'cculi
696 406 904 475 ficissenteeo
914 412 1027 497 (lesu)
1040 408 1079 476 de
1088 408 1232 491 teneto,

307 507 430 561 nentes
454 496 648 584 infidelium,
694 510 727 563 et
747 496 908 585 discipulis
928 500 997 564 e'us
1015 550 1024 575 ‚
1043 512 1075 563 et
1097 499 1234 588 plurimi

312 599 361 650 ,ut
380 584 442 649 illis
461 584 649 651 illuminatio
695 585 919 662 multitudine,
936 522 1021 653 titius
1033 588 1142 654 Timaei
1155 590 1236 655 Bar-

281 673 401 763 gloriae
433 674 567 751 Christi,
589 676 650 762 spui
694 676 818 741 timaeus
839 686 960 752 caecus',
989 676 1120 742 sedebat
1145 680 1234 765 juxta

27 828 39 849 fl
78 780 112 833 4-
213 787 259 851 0⁰
279 764 360 828 Dei.
383 784 412 828 n.
440 763 609 843 coelet.
694 765 778 829 viam
793 764 1232 841 mendicens‚etc.1bid.1o.

27 862 29 873 ’
183 852 298 917 ebuis
308 852 518 917 obscuratum
527 852 648 917 hahen—
694 854 748 933 46.
769 852 872 942 Coepit
884 852 1042 930 clamare,
1057 867 1089 919 et
1102 854 1208 922 dicere
1224 880 1232 922 ε

147 939 393 1018 intellectum,
409 940 570 1006 nlienetih
589 941 650 1006 vita
696 941 772 1006 Jesu
790 940 835 1006 fili
849 941 968 1018 David,
985 943 1135 1009 miserere
1150 947 1234 1022 mei,

103 1028 156 1103 ei,
173 1052 243 1119 pei·
262 1031 503 1119 ignorantium,
521 1042 651 1117 quaeest
695 1043 757 1095 etc.
774 1054 808 1095 c.
826 1033 880 1117 47.
896 1030 988 1097 Jesus
1003 1033 1233 1099 autemeitilli:

70 1114 159 1191 illis,
187 1132 346 1209 propter
376 1120 550 1185 caecitutem
577 1140 651 1183 cor·
694 1117 803 1194 Vade,
816 1119 954 1184 lidestua
966 1132 998 1185 te
1010 1120 1233 1188 salvumt'ecit:

69 1204 140 1269 disi
169 1232 318 1274 sorum.
332 1208 450 1295 Ephes.
463 1210 494 1286 4.
511 1210 559 1272 18.
567 1207 597 1269 V
599 1206 653 1271 ide
695 1219 728 1272 et
739 1208 906 1273 confestim
922 1209 1019 1286 vidit,
1033 1221 1065 1274 et
1080 1213 1236 1299 sequeba-

69 1308 101 1357 ιι
151 1322 238 1387 poc.
260 1299 300 1362 5.
322 1319 371 1383 ¹7·
695 1297 1237 1367 manutenementum&-

119 1383 194 1463 Qui
250 1400 374 1450 autem
413 1384 480 1449 odit
522 1383 652 1449 fratrem
696 1384 799 1450 detur.
818 1384 897 1451 Luc.
920 1389 968 1451 18.
982 1388 1034 1453 55.

72 1500 203 1552 mum,
236 1475 282 1540 in
311 1471 453 1538 tenebris
480 1471 652 1561 est—quia
739 1472 790 1539 Me
822 1487 947 1563 oportet
982 1476 1106 1563 operuni
1139 1500 1236 1567 opera

75 1566 240 1634 tenebrae
274 1562 519 1627 obcecaverunt
544 1559 652 1627 oculos
695 1563 783 1650 ejus,
799 1565 854 1650 qui
865 1564 950 1628 misit
961 1587 1031 1640 me,
1055 1566 1236 1632 donecdies

79 1660 165 1745 ejus.
195 1678 230 1719 t.
251 1652 358 1717 loun.
372 1673 401 1715 2.
425 1674 473 1714 ιι.
695 1664 743 1715 est
759 1675 767 1715 :
782 1652 868 1716 venit
897 1675 961 1717 nox
989 1654 1116 1741 quande
1141 1678 1236 1720 nemo

128 1743 196 1811 Cui
224 1741 321 1806 enim
343 1762 409 1804 non
437 1744 552 1827 praesth
579 1750 652 1803 sunt
695 1752 799 1845 potest
819 1741 956 1828 operari.
984 1740 1145 1822 Quamdiu
1166 1766 1236 1809 sum

85 1835 394 1910 hoec,caecusest,
410 1840 442 1893 et
458 1850 556 1893 manu
580 1838 653 1893 teu·
696 1852 728 1894 in
763 1829 905 1905 mundo,
932 1828 986 1896 lux
1013 1854 1083 1897 sum
1110 1832 1232 1897 mundi.

83 1936 181 1998 tans,
195 1918 399 1985 oblivionem
412 1917 653 2005 accipienspur·
695 1918 772 1983 Haec
799 1924 874 1983 chin
902 1918 1050 1996 dixisset,
1071 1922 1180 2009 expuit
1203 1923 1235 1986 iu

88 2010 240 2099 gationis
251 2019 397 2073 veterum
409 2028 543 2071 suorum
552 2003 653 2071 delic-
697 2019 813 2073 terrem
826 2020 877 2083 ‚et
885 2009 960 2074 lecit
971 2008 1074 2075 lutum
1082 2023 1234 2097 exsputo,

91 2098 366 2163 tonum.s.Pctr.
391 2119 418 2160 1.
439 2118 471 2183 9.
696 2108 728 2161 et
748 2094 850 2161 linivit
874 2096 977 2164 lutum
1000 2121 1096 2188 super
1127 2098 1236 2164 oculos
1310 2111 1313 2120 '

696 2184 765 2269 ejus
783 2185 795 2271 (
811 2188 888 2250 caeci
904 2189 979 2252 nati
994 2191 1019 2275 l
1037 2189 1077 2251 Et
1087 2187 1166 2253 dixit
1180 2188 1233 2253 ei:

215 2256 288 2299 ⁰⁸⁶¹
302 2252 549 2301 mmmm
695 2272 804 2350 Vade,
821 2272 891 2339 lave
907 2275 940 2340 iu
959 2278 1115 2340 natatocifi
1128 2274 1234 2353 Siloe,

164 2365 272 2445 Quam
302 2367 552 2457 (albuginem)
595 2389 652 2452 ap·
696 2363 803 2518 lqwd
830 2360 1058 2451 interpretatur
1081 2365 1233 2453 Missusl:

102 2453 318 2544 prehendens
338 2455 465 2530 Tobiae,
493 2454 587 2519 traxit
612 2455 651 2519 ab
724 2453 782 2516 biit
802 2459 897 2540 erge,
923 2465 956 2516 et
978 2451 1072 2527 lavit,
1096 2465 1128 2517 et
1149 2456 1236 2520 venit

103 2541 221 2611 oculis
247 2543 336 2628 ejus,
363 2543 463 2608 statim
484 2567 524 2608 ue
549 2543 651 2607 visum
695 2541 816 2607 videns.
831 2542 932 2606 loun.
948 2564 979 2629 9.
996 2545 1027 2621 4.
1041 2543 1070 2606 5.
1083 2542 1113 2606 6.
1126 2567 1155 2628 7.

99 2567 660 2720 recepitffctercjuspdoh.11.15.'
995 2640 999 2646 ’

148 2723 193 2786 Et
215 2720 319 2810 aperti
342 2733 415 2784 sunt
436 2720 519 2786 oculi
538 2744 649 2785 eorum

102 2811 278 2893 (duorum
289 2813 464 2896 coecomm)
483 2833 491 2874 ε
508 2821 540 2874 et
562 2832 651 2876 com-

98 2901 244 2964 minutus
257 2910 307 2964 est
317 2897 378 2963 illis
390 2897 499 2973 lesus,
524 2897 649 2964 dicens:

101 2987 243 3064 Videte,
277 2983 319 3052 ne
352 2987 422 3074 quis
453 2987 556 3063 scint,
586 2999 648 3052 etc.

106 3077 227 3143 Mutet.
247 3101 279 3164 9.
296 3077 350 3140 50.

151 3163 298 3230 llisertus
315 3169 423 3229 autem
432 3187 544 3229 conum
557 3161 649 3229 lesus
740 3161 918 3228 AEdilicavit
934 3175 1043 3228 nutem'
1057 3163 1125 3228 Noe
1138 3161 1236 3229 altare

113 3251 285 3335 (duorum
313 3256 517 3340 censorum),
550 3253 652 3341 tetigit
694 3251 831 3341 Domino
850 3263 904 3316 :et
918 3250 1034 3316 tollens
1049 3250 1090 3316 de
1111 3254 1236 3318 cunctis

113 3340 218 3405 oculos
233 3363 367 3417 eorum,
385 3354 417 3405 et
428 3342 593 3407 confestim
603 3343 652 3406 vi·
694 3338 1233 3427 peceribusctvolucribusmundis‚

117 3426 242 3506 derunt,
268 3443 300 3494 et
330 3431 431 3497 secuti
456 3444 531 3496 sunt
562 3454 646 3496 eum.
694 3429 809 3494 obtulit
822 3427 1108 3516 holocaustasuper
1121 3428 1231 3494 altare.

115 3514 196 3580 ibid.
212 3540 262 3582 so.
282 3519 335 3598 54.
695 3519 774 3582 Gen.
791 3521 821 3581 8.
843 3539 893 3582 so.
906 3518 947 3582 V.
963 3517 1080 3582 cthn.
1093 3519 1145 3582 55.
1159 3541 1209 3583 20.

158 3603 277 3670 Deinde
288 3608 405 3672 iterum
422 3607 651 3696 imposuitma-
739 3607 780 3671 tt
812 3611 887 3671 secu
919 3605 1153 3671 Melchisedech
1181 3629 1237 3670 nex

110 3714 174 3756 uus
190 3715 281 3780 super
295 3694 405 3761 oculos
421 3697 490 3784 ejus
510 3699 607 3780 (cccci
622 3700 648 3784 l:
694 3692 821 3769 Salem,
834 3694 998 3782 proferens
1013 3717 1130 3783 penem
1146 3706 1178 3759 et
1193 3696 1237 3760 vi·

108 3793 143 3844 et
165 3783 257 3868 cupit
274 3783 413 3861 videre„
433 3798 465 3850 et
489 3786 651 3851 restitutus
693 3806 770 3847 num
792 3784 990 3868 (eratenim
1012 3782 1161 3849 sacerdos
1177 3784 1236 3849 Dei

105 3880 180 3944 est,
195 3869 238 3934 iu
251 3885 284 3936 ut
297 3873 384 3938 clare
395 3873 517 3940 videret
530 3875 646 3940 omnia.
694 3871 855 3960 altissimi)
869 3924 878 3948 ,
894 3870 1057 3938 benedixit
1069 3872 1117 3947 ei,
1129 3873 1233 3936 et-uit:

102 3958 223 4026 Marc.
242 3961 272 4024 8.
289 3964 339 4027 25.
694 3959 886 4028 Benedictus
912 3960 1075 4025 Abraham
1095 3961 1163 4024 Deo
1179 3981 1235 4022 ex-

149 4049 192 4114 Et
207 4051 337 4117 veniunt
355 4051 484 4118 Jericho
503 4064 557 4118 :et
576 4075 651 4140 pro·
690 4048 778 4123 ¹celso
790 4102 799 4126 ‚
810 4049 990 4137 quiereavit
1001 4047 1235 4114 coelumetten-

720 2680 826 2746 Cerei.
842 2680 924 2747 Vide
935 2679 1037 2768 Infird
1052 2703 1217 2747 ceramum

789 2785 819 2834 ct
839 2771 1033 2857 lattspadum
1054 2794 1137 2836 usus.

697 2949 888 2992 cfflusslottm
903 2947 1165 3002 scetusutst'lch,
1180 2949 1235 2991 SEU

813 3037 930 3081 CULTUS
948 3038 1119 3081 extensus.
