2884 4725
324 328 412 397 ruo
909 330 997 399 suo
1174 334 1218 428 ,ιι

99 457 206 513 oerent
220 466 285 531 eos.
303 443 424 513 Mattio.
441 467 489 509 ιο.
514 466 541 509 ι.
555 443 641 507 Vide
706 472 711 483 ·
726 440 864 533 Angelos
882 450 979 522 vero,
999 446 1055 533 qui
1076 466 1141 513 uon
1157 471 1226 513 ser-

99 537 198 617 otiom
211 534 320 601 Marc.
342 533 372 597 5.
396 534 444 597 15.
460 532 537 599 Luc.
555 557 586 619 9.
609 555 636 596 ι.
683 545 835 597 voverunt
868 535 979 599 suum
991 532 1225 624 principatum,

138 622 268 687 Reversi
288 632 363 686 sunt
387 633 492 686 nutem
512 632 641 709 septue-
683 620 738 687 sed
757 620 996 725 dereliquerunt
1012 647 1105 689 suum
1120 625 1227 690 domi-

96 712 180 799 giota
201 711 268 775 duo
285 732 361 775 cum
385 708 503 797 gaudio
527 708 641 774 dicen·
682 699 810 786 cilium,
824 711 856 776 ie
863 710 1020 798 judicium
1033 711 1226 801 magnidici,

97 812 142 864 tes
164 798 350 875 :Domine,
368 800 464 863 etiam
487 795 640 863 slaemonia
684 796 817 866 vinculis
840 800 966 867 aeternis
997 800 1055 865 sub
1091 800 1227 891 caligine

95 887 313 977 subjiciuntur
335 886 428 953 nobis
453 888 486 951 in
513 887 642 951 nomine
683 880 863 953 reservavit.
883 888 983 953 luda
1004 890 1036 954 6.

95 989 161 1043 tuo.
184 976 265 1042 Luc.
286 999 336 1041 ιο.
363 999 410 1062 ¹7·
462 1062 486 1129 B
527 1060 538 1127 l
576 1060 643 1129 bd
719 1046 782 1113 nge
1056 979 1060 987 '

138 1064 172 1133 Si
192 1064 438 1131 sutemeoin
488 1086 619 1129 eezeu
1084 1115 1093 1130 .
1229 1128 1234 1139 ¹

95 1155 188 1239 ejicio
203 1086 365 1219 daemonii
386 1150 470 1217 :lilii
494 1152 588 1219 vestri
610 1150 642 1218 in
686 1124 742 1173 tur
757 1111 910 1200 θυσία-’ω
930 1125 961 1176 ‘l
978 1113 1225 1239 mim·

93 1266 155 1331 quo
170 1240 335 1330 ejiciunt?
353 1240 442 1305 totu.
471 1264 518 1305 ιι.
546 1264 594 1329 ¹9·
705 1242 815 1309 ,Ecce
826 1240 968 1314 ridentes
984 1240 1170 1314 clamabunt
1184 1244 1218 1311 lo

132 1327 644 1483 Tentaveruntautemggidamet
685 1325 753 1406 ris,
782 1328 893 1421 Angeli
923 1327 1011 1420 pacis
1037 1340 1145 1400 omaro
1169 1331 1230 1399 lle·
1287 1366 1294 1375 ·

92 1416 473 1486 decireumeuutibuslu
526 1418 644 1483 'sexor-
684 1419 777 1485 bunt.
795 1418 863 1485 Iso.
886 1419 939 1484 55.
961 1445 990 1505 7.

93 1509 200 1585 cistis,
220 1510 375 1573 invocare
393 1529 488 1593 super
506 1528 577 1580 eos,
591 1505 643 1593 qui
730 1504 828 1573 Labie
851 1506 937 1572 enim
962 1510 1134 1577 sacerdotis
1155 1533 1238 1578 ow

93 1592 643 1683 hebebantspiritusmelos‚nomen
686 1594 809 1660 todient
842 1595 1029 1673 scientiam,
1063 1610 1096 1663 et
1127 1598 1238 1687 legem

95 1686 225 1753 Domini
260 1682 349 1749 Jesu.
375 1682 565 1771 Aconas,
591 1680 640 1747 ιδ.
687 1684 850 1771 requirent
876 1703 917 1748 ex
941 1706 997 1749 ore
1017 1686 1088 1773 ejus
1116 1709 1124 1750 ι
1155 1688 1230 1774 quia

192 1818 409 1911 Angelorum
422 1818 534 1883 ruina.
686 1770 1231 1949 ἔδῗῧῗέὧωῖωὲθῐθωῆϋῠω

684 1020 717 1085 Α
783 1022 891 1088 hrum
908 1024 1044 1088 nomine
1057 987 1230 1113 appellun-
1356 1103 1359 1108 ῃ

139 1952 224 2018 Ecce
247 1951 303 2037 qui
328 1948 471 2017 serviunt
494 1948 547 2025 ei,
579 1968 645 2013 non
680 1944 683 1947 ’
732 1950 815 2015 Ecce
851 1972 910 2039 ego
944 1951 1038 2016 mitto
1072 1950 1231 2041 Angelum
1303 1956 1306 1962 '

56 2102 61 2113 ,
98 2053 169 2105 sunt
180 2038 310 2107 stabiles
324 2062 333 2104 :
348 2050 381 2107 ct
394 2038 427 2103 in
439 2034 568 2125 Angelis
581 2038 646 2103 suis
686 2060 795 2103 meum
806 2086 816 2114 ,
829 2050 862 2103 et
873 2040 1064 2128 praeparohit
1080 2042 1232 2106 ruman-

103 2128 217 2215 reperit
233 2128 433 2217 pravitatem.
452 2126 526 2192 tot.
542 2130 574 2205 4.
593 2128 641 2190 ι8.
686 2132 718 2192 te
737 2126 851 2194 sociem
868 2149 982 2193 meam.
1005 2130 1045 2194 Et
1057 2129 1165 2195 stetim
1181 2150 1233 2195 re-
1315 2135 1319 2141 ’

149 2215 231 2296 llcoe
252 2218 333 2283 inter
354 2226 487 2281 sanctos
506 2214 576 2299 ejus
591 2238 645 2280 ne·
687 2214 753 2280 niet
768 2215 809 2279 od
829 2214 984 2304 templum
1003 2240 1096 2283 suom
1120 2217 1233 2284 Domi-

111 2322 163 2365 mo
184 2302 404 2388 immutabilis,
427 2315 461 2368 et
483 2300 553 2371 coeli
581 2325 645 2372 uon
686 2316 799 2381 nator,
826 2327 923 2392 quem
943 2328 1001 2370 vos
1020 2306 1178 2394 quaeritis,
1199 2317 1233 2373 ot

111 2399 185 2454 sunt
201 2393 305 2456 muudi
320 2393 353 2458 io
365 2405 541 2481 conspectu
561 2391 641 2482 ejus.
686 2391 827 2482 Angelus
841 2393 1045 2469 testamenti,
1064 2415 1161 2481 quem
1176 2415 1234 2462 ros

107 2475 203 2543 loru.
227 2481 272 2563 ι5.
299 2481 346 2544 15.
686 2480 791 2547 voltis.
809 2479 904 2547 llu'd.
927 2480 958 2546 ὃ.
981 2503 1009 2545 ι.

152 2565 246 2654 Ejeci
274 2579 305 2632 te
323 2566 364 2632 de
382 2580 489 2634 monte
506 2567 584 2645 Dei,
614 2579 646 2634 et
733 2567 793 2636 llic
813 2580 862 2633 est
881 2568 987 2644 enim,
1013 2569 1054 2635 do
1071 2587 1135 2658 quo
1152 2571 1238 2638 seri--

90 2655 234 2744 -perdidi
248 2667 298 2732 te,
308 2659 328 2720 ὀ
340 2655 464 2722 Cherub
478 2695 520 2708 --
531 2659 570 2722 Et
578 2653 660 2722 ele·'
687 2669 778 2746 ptum
798 2669 869 2723 est:
890 2657 1005 2724 Eccee
1026 2682 1046 2723 o
1059 2659 1152 2727 mitto
1165 2660 1234 2728 Au-

99 2752 210 2815 ratum
235 2757 283 2812 est
297 2767 354 2812 cor
370 2755 458 2830 tuum
477 2747 511 2813 in
530 2745 647 2812 decore
687 2744 795 2836 gelum
807 2767 915 2812 meum
923 2752 996 2812 onte
1005 2679 1120 2814 lasciem
1128 2760 1232 2825 tuam,

100 2847 163 2902 tuo.
186 2833 308 2900 Erech.
330 2835 381 2899 28.
408 2835 456 2898 16.
482 2858 531 2922 ¹7·
553 2837 558 2846 ‘
688 2835 743 2922 qui
754 2835 946 2923 preparabit
957 2837 1042 2903 riom
1055 2843 1145 2915 tuom
1158 2841 1234 2918 ante

141 2921 205 2990 Vos
226 2946 267 2988 cx
287 2936 378 3012 putre
395 2921 526 2988 diabolo
548 2923 644 2999 estis,
688 2935 731 2988 te.
754 2920 874 2990 Mattlt.
897 2945 946 2990 ιι.
970 2946 1019 2992 ιο.

100 3023 130 3076 et
145 3011 302 3077 desiderio
323 3011 422 3100 patris
441 3013 536 3077 vestri
553 3008 646 3100 vultis
734 3009 825 3077 Siout
842 3012 906 3079 scri
930 3026 998 3096 tum
1020 3025 1068 3080 est
1091 3011 1138 3079 iu
1151 3011 1234 3080 lsaio

103 3100 212 3166 lacere.
243 3099 304 3166 llle
330 3095 492 3186 homicida
517 3113 584 3186 eret
606 3099 646 3165 ab
671 3097 847 3189 ¹Propheta
867 3035 1031 3186 (doust.
1052 3099 1108 3189 ὅ.)
1126 3123 1134 3165 :
1149 3103 1235 3167 Ecce

105 3188 258 3268 initio,.et
275 3190 308 3256 in
321 3188 644 3256 veritatenoustetit:
687 3189 780 3255 mitto
794 3188 953 3279 Angelum
973 3211 1081 3256 mcum
1101 3193 1175 3261 ante
1190 3189 1235 3255 la·
1340 3255 1344 3262 ,

105 3277 172 3363 quia
184 3301 249 3344 non
262 3291 312 3343 est
324 3279 441 3343 veritas
453 3277 487 3342 in
498 3299 556 3354 eo:
572 3283 646 3343 cum
688 3276 1231 3367 ciemtuom,quipraeparal›it,etc.

107 3360 237 3450 loquitur
262 3366 492 3442 mendacium,
514 3387 647 3453 exlpro·
688 3367 795 3434 Marc.
821 3390 847 3431 1.
869 3388 900 3432 2.
918 3365 1016 3434 Idem
1028 3361 1107 3432 Luc.
1128 3390 1158 3452 1.
1182 3388 1232 3453 ¹7·

114 3451 181 3536 pros
205 3453 372 3542 loquitur;
406 3454 480 3542 quio
510 3448 647 3520 mandax
674 3453 866 3546 ,tatum

114 3543 521 3630 “ltetpoterojusdoce
542 3545 572 3607 8.
589 3544 643 3624 44.
733 3540 814 3607 Puto
837 3541 925 3608 enim
949 3539 1037 3632 quod
1068 3538 1155 3607 Deus
1176 3565 1234 3608 nos

142 3624 189 3704 ‚Sl
208 3633 287 3699 euim
310 3631 399 3716 Deus
423 3625 551 3722 Angelis
592 3653 638 3696 ec·
689 3619 858 3718 Aoostolos
874 3626 1062 3696 novissimos
1079 3627 1231 3705 ostendit,

110 3715 506 3824 contituoonpepercir,
523 3653 647 3786 selru-
689 3723 851 3806 tamqudm
887 3718 985 3784 morti
1026 3718 1233 3785 destinatos:

105 3801 255 3872 dentibus
274 3808 390 3876 ielerm
426 3809 586 3874 detrectes
613 3809 646 3874 in
688 3806 762 3896 quio
775 3806 1011 3898 spectaculum
1032 3804 1109 3874 lacti
1125 3829 1236 3872 sumus

104 3903 259 3986 tartarum
269 3973 272 3976 ¹
283 3897 416 3964 tradidit
435 3897 645 3974 cruciendos,
687 3892 827 3973 mundo,
841 3908 874 3962 et
885 3891 1015 3983 Angelis
1025 3945 1036 3972 ,
1047 3907 1081 3960 et
1093 3893 1235 3964 homiui·

86 3982 135 4048 ·in
153 3981 311 4068 judicium
321 3985 486 4074 reservari.
509 4008 537 4052 s.
553 3987 642 4056 Patr.
676 3983 758 4074 Ubus.
789 3987 915 4074 udor.
935 3987 967 4062 4.
987 4007 1017 4070 9.

98 4091 128 4136 a.
136 4074 184 4152 4.
736 4069 878 4164 ο,ιιιιςᾳιςι
922 4067 1040 4160 Ephesi
1084 4066 1235 4159 Ecclesia

1304 4226 1389 4244 ⁴
