2884 4725
281 264 366 333 GON
681 274 707 323 .'
834 260 919 330 CON
1021 264 1057 317 ’-
1116 284 1173 351 ι9ι

76 380 193 469 aliquem
238 374 455 449 defraudari,
495 370 598 438 reddo
640 400 696 443 rao
710 376 835 443 vocavit
852 376 982 464 Moysen
1003 388 1036 441 et
1052 376 1179 452 Aaron,

76 466 279 557 quadruplum.
297 463 387 532 ltiat.
408 486 455 550 ¹9·
475 463 504 527 8.
640 478 673 531 ot
688 464 766 531 dixit
781 464 849 531 eis:
867 463 999 531 Peccavi
1020 465 1054 531 in
1068 463 1181 530 Domi-

110 555 305 645 Roapondnna
329 563 435 617 autem
457 550 534 630 altor
554 549 600 613 in·
642 576 718 620 num
735 552 839 621 Deum
855 553 1000 641 vestrum¹
1011 566 1043 618 et
1058 554 1093 619 in
1106 576 1181 627 rosa

77 646 321 749 eremitatem,
338 640 470 706 dicans:
491 638 601 725 Neque
643 644 699 709 sed
727 665 815 708 nunc
843 640 993 707 dimittito
1015 653 1186 730 peccatum

77 748 106 799 tu
115 746 200 799 times
211 732 335 805 Deum,
348 728 433 817 quod
444 724 477 792 in
490 727 602 793 eddam
644 730 724 798 mihi
734 732 833 796 otiam
848 730 910 796 hta
925 732 993 797 rice
1004 759 1020 806 ,·
1030 744 1062 797 nt
1076 742 1187 820 rogato

77 822 262 888 damnatione
279 818 333 884 esi
346 820 385 883 Et
401 840 459 883 nos
474 815 604 905 qnidam
645 820 821 887 Dominum
842 819 946 884 Donm
967 831 1124 896 restrum,
1152 829 1190 883 ut

77 913 167 1001 jusit,
183 933 255 975 nam
272 908 368 996 digna
384 906 474 971 iactis
489 904 606 993 recipi·
648 909 772 975 anierat
797 913 816 972 h
841 930 895 972 mo
921 920 1057 976 mortem
1082 908 1187 973 iotam.
1278 917 1280 920 ’

78 1023 151 1073 mus,
162 1010 218 1065 etc.
231 1000 272 1063 Et
285 994 413 1060 dicebat
425 992 466 1058 ad
477 993 605 1059 Jesum:
648 997 739 1067 Ibid.
756 1020 805 1062 ιο.
825 997 875 1061 ι6.
892 1019 940 1083 ¹7·
1052 1045 1061 1066 .

80 1088 218 1162 Domine,
239 1095 404 1151 memento
425 1083 512 1158 mai,
533 1081 609 1145 dhm
694 1086 757 1151 Pro
780 1108 818 1150 oo
845 1090 920 1173 ergo
943 1084 1028 1173 qnod
1049 1083 1194 1173 abjecisti

81 1177 189 1240 renerio
214 1175 247 1241 in
274 1194 410 1261 regnum
438 1181 541 1235 tuum.
572 1168 611 1231 Et
652 1196 833 1241 sermonem
850 1172 1001 1250 Domini,
1022 1173 1196 1263 abjecitte

83 1264 149 1328 dixit
173 1262 216 1329 illi
248 1261 341 1329 Joaus
364 1260 386 1323 :⁸
405 1258 509 1324 Amen
541 1256 612 1322 dion
652 1263 832 1336 Dominus,
849 1284 890 1327 no
906 1262 947 1330 sis
965 1286 1029 1328 rex.
1049 1263 1197 1349 Dixitque

83 1352 150 1416 tihi:
167 1350 268 1415 hodia
285 1369 413 1414 mecum
429 1347 492 1412 nris
507 1346 539 1411 in
555 1368 614 1433 pn·
656 1350 733 1418 Saiil
755 1349 796 1414 ad
816 1349 1020 1417 Samniilem:
1044 1349 1197 1433 Paeonii,

84 1440 186 1505 rodino.
201 1438 221 1505 1
225 1438 254 1503 b.
276 1438 328 1501 25.
348 1440 403 1514 40:
417 1438 471 1513 dr.
487 1437 540 1515 42.
556 1433 611 1513 45.
656 1440 730 1529 quia
749 1438 972 1527 praevaricatus
991 1460 1062 1505 oum
1078 1462 1200 1505 sermo·-

122 1520 616 1611 ilisautamanditismompnncti
658 1552 732 1595 nem
761 1526 911 1600 Domini,
938 1539 971 1592 et
996 1527 1091 1593 verba
1118 1540 1201 1603 tua,

87 1615 279 1689 auricomo,
297 1624 330 1678 et
345 1611 541 1677 dixeruntad
556 1610 617 1675 Ρθ-
659 1618 774 1683 timens
795 1614 969 1704 populum,
996 1628 1028 1681 at
1051 1616 1202 1680 obediens

90 1718 180 1782 trum,
193 1716 225 1769 at
238 1702 280 1767 ad
293 1698 429 1788 reliquos
438 1698 615 1790 Apostolos:
659 1705 730 1771 voci
753 1727 874 1769 eorum.
903 1702 966 1768 Sed
986 1715 1216 1791 nunoportas

91 1792 166 1872 Quid
189 1792 365 1866 iaciamus,
388 1789 450 1854 Viri
475 1785 620 1883 fraires?
663 1816 788 1882 quaes0‚
816 1805 985 1881 peccatum
1011 1816 1144 1859 meum:
1172 1803 1206 1858 et

91 1881 187 1945 Petrus
201 1886 276 1947 veri)
295 1879 338 1944 ad
358 1876 445 1942 iilos:
463 1876 622 1943 Poeniien·
663 1893 824 1948 revertere
844 1905 990 1958 mecum,
1018 1895 1053 1947 ut
1076 1882 1207 1948 adorem

90 1969 157 2034 iiam
172 1969 312 2055 (inquii)
329 1966 623 2055 ⁸gii⁰‚⁰ib³piize·
663 1970 861 2037 Dominum:
889 1983 922 2035 at
948 1971 992 2035 ait
1015 1967 1143 2037 Snmiini
1166 1968 1208 2054 nd

93 2068 139 2120 tur
162 2058 384 2143 unusquisque«
397 2058 537 2120 vestrim
558 2064 619 2118 eic-
666 2056 761 2125 Sniil:
775 2058 844 2125 Non
854 2058 1209 2147 revertortecum,quia

99 2145 191 2207 Actor
205 2166 233 2209 a.
250 2144 368 2231 57.58.
665 2146 827 2237 'projdoisti
851 2171 1030 2212 sermonem
1056 2146 1210 2223 Domini,

557 2276 590 2341 [a
667 2249 699 2303 et
715 2235 850 2324 projecit
866 2246 898 2299 te
919 2236 1094 2312 Dominus,
1109 2260 1151 2301 ne
1170 2235 1211 2300 sis

592 2321 600 2337 ⁵
669 2324 725 2391 rex
748 2348 842 2413 super
863 2322 969 2390 lsratl.
999 2346 1025 2390 1.
1051 2322 1129 2414 flag.
1159 2324 1208 2389 15.

145 2409 283 2499 Dixitque
295 2413 371 2478 Cain
383 2415 423 2480 nd
433 2414 625 2480 Dominum:
671 2416 723 2480 25.
753 2429 784 2479 ot
800 2436 863 2499 neq.
888 2409 938 2478 At'
950 2412 1002 2480 ille
1023 2413 1134 2500 (Saite)
1150 2413 1210 2478 ait:

104 2497 202 2587 Major
215 2511 259 2563 est
270 2501 409 2590 iniqnitas¹
424 2525 495 2568 mea
505 2508 629 2590 ,dudm
671 2502 805 2569 Peccari
821 2525 829 2566 τ
848 2501 905 2567 sod
919 2525 1007 2568 nuno
1020 2501 1142 2567 honora
1161 2524 1214 2568 mo

103 2601 138 2651 nt
151 2587 270 2652 veniam
285 2611 412 2654 mernor.
429 2592 508 2656 Gan.
524 2593 556 2669 4.
577 2591 626 2654 15.
672 2589 1081 2680 ooramsaniorihuspopuli
1092 2590 1215 2667 mei‚et

144 2675 269 2742 Vocarit
284 2689 387 2744 antem
400 2679 523 2746 Pharao
540 2678 632 2766 Moy·
673 2703 782 2748 coram
800 2678 916 2755 laraiil,
929 2693 1131 2745 etrerertare
1146 2701 1215 2744 mo·
1306 2758 1308 2761 Ι

101 2789 151 2830 son
164 2765 518 2842 ettinrnnaetdixitnin:
535 2765 633 2833 Orate
674 2791 775 2842 cum,
811 2778 847 2833 ut
882 2768 1012 2834 adorem
1045 2769 1217 2834 Dominum

101 2855 282 2932 Dominum,
306 2869 343 2921 ut
365 2857 487 2922 auferat
507 2863 632 2920 ranasd
675 2859 781 2922 Deum
795 2867 896 2920 tuum.
912 2882 944 2922 υ.
961 2858 1013 2924 50.
1035 2859 1067 2922 V
1067 2857 1121 2922 ida
1136 2872 1167 2924 ot
1183 2877 1213 2920 a.

103 2951 237 3018 me‚ath
269 2943 635 3034 opulomeosetdimit-
676 2947 723 3012 130
747 2992 755 3007 .
776 2946 827 3022 24.
847 2964 896 3030 17.

105 3044 165 3095 tam
176 2969 343 3122 poprium,
357 3045 393 3097 ut
405 3031 562 3098 sacrificet
573 3032 637 3097 Do·
722 2968 762 3096 it
783 3031 825 3096 ait
847 3031 915 3098 Rex
939 3031 1149 3120 (Jarotoam)
1179 3029 1221 3096 ad

104 3119 192 3184 mino.
209 3123 316 3188 and.
339 3125 369 3186 8.
389 3124 421 3187 8.
678 3124 783 3188 virum
805 3119 887 3187 Dei:
913 3120 1085 3210 deprecare
1106 3121 1221 3187 faciem

144 3206 280 3297 Misitqna
295 3210 425 3276 Pharao
437 3260 446 3284 ,
468 3221 502 3274 et
515 3209 639 3275 vocavit
679 3210 808 3278 Domini
820 3209 879 3275 Dei
891 3210 955 3286 tui,
969 3223 1001 3275 et
1013 3234 1067 3276 orn
1079 3232 1137 3298 pro
1149 3231 1200 3274 me
1212 3257 1221 3283 ,

105 3294 223 3384 Moysen
252 3312 284 3364 ot
308 3298 436 3373 Aaron,
465 3298 573 3364 dicans
600 3298 641 3362 ad
681 3313 717 3366 nt
729 3299 914 3364 restituatur
924 3321 1036 3366 manus
1048 3321 1119 3364 moa
1130 3297 1220 3364 mihi.

103 3406 174 3448 eos:
192 3386 326 3452 Pnocovi
339 3387 436 3451 etiam
452 3409 561 3452 nnnc:
583 3387 642 3452 Do-
684 3388 857 3475 Oravitqun
878 3387 925 3452 vir
947 3387 1006 3452 Dei
1027 3387 1143 3452 faciem
1163 3385 1225 3450 Do

102 3473 201 3538 minus
222 3474 346 3562 justus:
372 3497 431 3563 ego
451 3487 484 3540 et
506 3474 642 3564 populus
683 3476 764 3544 mini
778 3476 851 3551 ‚iet
884 3498 1009 3541 reversa
1036 3486 1087 3540 est.
1113 3496 1226 3538 manus

103 3585 186 3625 mons
201 3563 300 3651 impii.
331 3562 430 3629 Orata
449 3563 642 3640 Dominum,
685 3565 768 3668 regis
784 3563 825 3627 ad
836 3587 931 3640 oum,
949 3576 981 3630 ot
993 3563 1076 3628 santa
1088 3573 1136 3626 ast
1147 3561 1229 3626 siout

103 3661 135 3711 nt
159 3649 304 3717 desinant
336 3652 476 3719 tonitrua
502 3653 584 3730 Dei,
613 3664 645 3718 et
685 3657 774 3744 prrhs
788 3651 901 3718 iuerat.
923 3653 953 3717 5.
971 3651 1050 3754 Bag.
1071 3651 1118 3715 15.
1139 3650 1171 3714 6.
1330 3649 1333 3655 ’

103 3738 219 3824 grando
240 3763 250 3803 t
278 3751 315 3804 nt
336 3737 591 3816 dimittamus,
614 3753 646 3806 et
733 3739 842 3829 ltaque
866 3746 941 3807 ciam
961 3739 1099 3804 audisset
1120 3733 1230 3800 Achab

74 3895 75 3900 ἵ
104 3823 300 3914 neqnaqnhm
313 3825 369 3892 hta
384 3827 466 3892 nltrh
479 3830 642 3894 maneatis.
689 3851 851 3895 sormones
864 3829 956 3905 istos,
967 3827 1059 3894 scidit
1066 3822 1234 3890 vestimen-

103 3911 191 3976 lbid·
206 3939 236 4002 9·
259 3937 313 4002 27·
328 3917 380 3978 28·
691 3930 721 3983 ta
738 3941 816 3996 sna,
837 3929 870 3983 et
891 3917 1016 4005 operuit
1036 3908 1140 3980 cilicio
1161 3928 1234 3971 oar-

151 3999 254 4078 Quam
273 4004 318 4068 oh
336 4023 404 4086 rom
420 4003 549 4074 restinta
566 4003 649 4071 Pha-
692 4028 766 4074 nem
796 4029 910 4080 suam,
942 3998 1178 4092 jejunavitque,
1203 4006 1236 4061 et

124 2267 324 2343 contritionis
338 2279 431 2367 fairoe
441 2299 554 2366 exemp

1169 4212 1228 4222 *-
