2884 4725
249 323 289 387 pa
494 284 582 357 ἨΑ
714 376 717 384 ¹
934 366 937 369 Α
1065 277 1162 348 AVA

249 405 290 471 ad
310 401 481 467 maximum
496 414 605 463 omnes
621 391 784 465 avaritiam
871 396 929 463 Vir
954 406 1071 463 antem
1104 392 1250 485 quidam
1269 396 1384 459 nomios

248 499 422 577 sequuntur
439 492 484 551 :d
508 484 663 577 Propheta
684 492 784 575 usque
831 484 966 551 Ananias
1002 506 1087 550 cum
1124 482 1269 572 Saphira
1298 504 1383 546 uxore

248 578 288 644 ad
308 574 503 641 sacerdotem
530 574 637 640 cuncti
662 574 783 641 iaciunt
830 596 887 660 sua
901 571 1051 639 vendidit
1064 593 1187 660 agrum
1200 622 1209 648 ,
1223 582 1257 635 et
1273 568 1382 635 frauda-

246 664 458 733 mendacium.
472 661 495 726 1
496 661 562 741 bid.
579 664 609 727 8.
623 684 681 728 ro.
829 660 873 727 vit
882 660 921 725 de
929 661 1038 749 pretio
1051 662 1141 751 agri,
1152 660 1287 724 conscii
1298 679 1381 722 uxore

292 752 376 817 Ecce
394 748 546 839 complosi
564 772 677 817 manus
698 771 784 817 meas
830 752 886 814 sus
901 772 910 813 ε
927 761 958 813 et
974 747 1124 813 afferens
1137 759 1269 836 partem
1325 768 1381 810 am-

247 838 785 929 superararitiamtuom,quamse-
829 837 921 912 dam,
954 836 994 900 ad
1025 836 1135 928 pedes
1163 836 1380 926 Apostoorum

246 928 335 1003 cisti,
352 939 384 991 et
398 950 494 1031 super
511 929 713 1019 sanguinem,
730 926 785 1014 qui
830 927 954 1017 posuit,
967 938 1034 991 etc.
1055 926 1181 991 Actor.
1204 923 1236 989 5.
1263 947 1290 990 ι.

247 1013 648 1082 effusus'estrnmediotut.
665 1014 781 1080 Erech.
872 1014 988 1079 Petrus
1013 1014 1072 1077 ait
1090 1012 1237 1079 Sinwni
1268 1010 1375 1098 Mago:

248 1126 300 1171 aa.
318 1103 366 1167 15.
829 1100 966 1168 Pecunia
983 1112 1043 1164 tua
1070 1112 1187 1165 tecum
1212 1099 1254 1163 sit
1269 1097 1301 1165 in
1315 1119 1373 1185 per·

290 1190 345 1257 Vre
365 1191 419 1279 qui
436 1203 606 1281 congregat
622 1190 785 1257 avaritiam
828 1188 1000 1265 ditionem,
1017 1190 1186 1277 quoniam
1201 1183 1377 1251 donumdei

246 1278 363 1345 malum
376 1278 485 1345 domui
493 1302 568 1356 suae,
586 1291 620 1344 ut
637 1280 676 1343 sit
688 1280 720 1347 in
728 1301 785 1345 ex·
829 1276 1010 1343 existimasti
1044 1276 1196 1364 pecunia
1223 1271 1373 1363 possideri.

246 1365 332 1433 celso
348 1367 442 1431 nidus
453 1367 540 1455 ejus,
561 1378 593 1432 et
608 1365 785 1432 liberarise
828 1364 920 1431 leid.
940 1366 970 1429 8.
992 1386 1046 1430 ro.
1299 1442 1302 1447 Ι

160 1524 164 1537 ,
245 1454 780 1543 putatdemanumali.Hel›oc.up.
873 1452 981 1539 Neque
1008 1452 1123 1528 iures,
1151 1473 1262 1539 neque
1284 1446 1373 1517 arari,

290 1543 450 1608 llenclaiir
467 1556 572 1609 autem
587 1554 717 1631 propter
728 1562 783 1606 eo-
816 1563 932 1628 ‚neque
943 1540 1065 1606 ehriosi
1078 1591 1089 1617 ,
1103 1562 1217 1629 neque
1229 1533 1373 1605 maledici,

244 1652 335 1707 rum,
364 1630 419 1717 qni
450 1630 482 1695 in
510 1632 649 1719 potentie
674 1641 782 1704 erant,
829 1650 932 1716 neque
944 1650 1080 1715 rapaces
1095 1648 1240 1717 regnum
1252 1624 1373 1711 Dcipos

244 1720 427 1793 avaritiam,
451 1717 658 1806 permanebat
681 1717 715 1783 in
731 1739 785 1804 po·
829 1715 987 1783 sidebant.
1011 1738 1038 1780 t.
1059 1716 1144 1783 Cor.
1167 1718 1200 1781 6.
1225 1738 1271 1780 ιο.

245 1818 376 1879 testate,
393 1826 539 1871 crescens
558 1805 591 1869 in
609 1802 729 1871 malitis
745 1803 785 1870 ad
873 1800 1056 1871 Fornicatio
1084 1814 1203 1870 autem
1230 1812 1262 1867 et
1285 1796 1371 1863 omnis

243 1892 373 1957 insidias
387 1892 513 1957 civium.
533 1890 674 1959 adieci,
685 1892 715 1971 d.
728 1892 781 1958 5ο.
828 1891 1046 1969 immunditia,
1078 1904 1139 1957 aut
1156 1889 1307 1961 avaritia,
1322 1904 1370 1949 nec

244 1978 506 2047 etCs.1o.ro.
650 2010 653 2015 ·
828 1978 1012 2049 nominetur
1035 1981 1070 2047 in
1088 1980 1210 2055 voltis,
1235 1971 1367 2042 sicutde·

291 2001 394 2132 Nolite
439 2064 653 2134 thesaurizare
696 2067 785 2132 vobis
828 2077 880 2131 cet
894 2080 1029 2133 sanctos.
1049 2068 1180 2159 Epiros.
1200 2070 1232 2133 5.
1252 2066 1280 2129 5.

244 2153 409 2218 thesauros
431 2152 463 2217 in
481 2158 583 2229 terra,
601 2154 656 2219 uhi
679 2176 785 2243 erugo
873 2153 1062 2225 Mortificate
1113 2162 1196 2245 ergo
1241 2148 1363 2219 membri

245 2252 277 2306 et
293 2242 377 2306 tinea
390 2240 576 2317 demolitur,
593 2241 690 2309 etubi
700 2242 785 2309 sures
829 2255 931 2309 restra
942 2257 1118 2347 ,puaesunt
1130 2252 1363 2333 superterram:

181 2363 188 2396 t
244 2328 400 2396 effodiunt
437 2341 469 2395 ct
510 2330 683 2408 iurentur,
719 2343 780 2398 etc.
828 2332 1093 2410 fornicationem,
1124 2326 1364 2400 immunditiam,

243 2418 361 2486 Mueck.
381 2422 412 2484 6.
433 2441 480 2506 19.
830 2419 1023 2498 libidinem,
1079 2412 1364 2510 concupiscentiam

291 2506 377 2585 Quid
402 2506 498 2570 vultis
517 2507 605 2572 mihi
637 2508 738 2574 darei
754 2521 786 2574 ct
828 2507 964 2584 malam,
984 2521 1016 2573 et
1032 2506 1363 2596 avaritiamqueest

244 2615 302 2678 ego
324 2616 398 2658 eum
417 2594 506 2658 vobis
527 2594 661 2660 tradam.
691 2595 781 2666 Ittd.
829 2595 1069 2664 simulacrorum
1083 2598 1237 2664 servitus.
1258 2588 1359 2658 Cobet·

246 2680 296 2742 26.
322 2682 369 2743 15.
391 2681 478 2744 Vide
495 2682 593 2747 loon.
619 2705 666 2748 ra.
694 2687 725 2762 4.
830 2685 860 2749 5.
882 2685 911 2749 5.

287 2765 379 2832 'lunc
394 2766 504 2840 ridens
519 2772 573 2858 qui
591 2793 663 2836 eum
685 2772 785 2837 tradi-
875 2773 956 2839 Nam
972 2774 1025 2861 qui
1037 2771 1153 2839 volunt
1165 2770 1280 2840 divites
1292 2758 1359 2830 fied·

244 2851 310 2928 dit,
328 2853 414 2940 quod
428 2853 595 2923 damnatus
607 2869 707 2935 esset,
720 2883 785 2964 pm·
828 2859 976 2924 incidunt
992 2861 1024 2925 in
1045 2862 1278 2931 tentationem,
1293 2862 1320 2914 ⁶¹
1333 2847 1358 2946 {¹¹

243 2941 375 3032 nitentia
391 2941 523 3018 ductus,
538 2947 645 3012 retulit
656 2949 784 3036 triginta
828 2945 977 3034 laqueum
1001 2949 1143 3026 diaboli,
1166 2960 1200 3014 et
1222 2939 1359 3011 desidetta

243 3039 409 3115 argenteos
420 3030 523 3115 princi
547 3031 617 3096 ibus
631 3033 785 3099 Sacer-do·
827 3031 928 3104 multe
952 3034 1074 3103 inutilia
1095 3051 1129 3104 et
1146 3035 1280 3104 nociva.
1300 3041 1358 3112 (1⁰³³

241 3127 312 3179 tum
339 3128 371 3182 et
395 3053 580 3182 seniculus
597 3131 658 3182 etc.
684 3133 716 3183 et
737 3120 784 3185 la·
827 3123 1133 3208 mergunthomines
1146 3127 1179 3191 in
1196 3116 1356 3187 interitum,

240 3225 325 3289 queo
341 3225 374 3268 se
387 3201 561 3291 suspendit.
577 3203 668 3292 lpid.
687 3227 739 3290 27.
750 3209 781 3272 5.
828 3220 860 3272 et
876 3210 1112 3298 perditionem.
1153 3211 1257 3278 Radix
1286 3198 1356 3267 enim

287 3289 373 3368 Quid
386 3291 472 3354 enim
488 3290 631 3378 proderit
645 3291 783 3371 homini,
828 3296 969 3363 omnium
977 3298 1133 3368 malorum
1142 3289 1354 3386 estcuptdius

241 3375 267 3440 si
285 3375 429 3442 lucretur
444 3378 601 3442 mundum
614 3389 734 3455 totum,
752 3394 784 3446 et
827 3395 888 3450 etc.
909 3405 935 3447 r.
958 3387 1044 3451 Tim.
1064 3388 1095 3453 6.
1112 3414 1142 3476 9.

240 3463 469 3529 detrimentum
478 3465 591 3530 anime
599 3487 663 3533 suae
674 3467 785 3535 saciati
871 3471 1006 3560 Oportet
1022 3475 1106 3541 enim
1122 3475 1239 3564 Episco
1261 3487 1310 3532 um
1323 3459 1354 3523 tl·

238 3550 347 3654 Marc.
368 3555 399 3616 8.
413 3553 467 3616 56.
826 3580 868 3622 ne
885 3559 1016 3626 crimine
1032 3586 1118 3638 esse,
1135 3565 1219 3629 sicut
1234 3496 1290 3626 [iet
1304 3548 1354 3614 <lli

285 3638 433 3724 Dixitque
450 3638 491 3702 ad
505 3637 598 3704 illos:
616 3639 730 3707 Videte
752 3655 784 3710 et
826 3659 1026 3732 peecatorem
1053 3674 1061 3714 ε
1085 3674 1149 3716 non
1172 3645 1349 3736 superbum,

240 3737 350 3790 cavete
373 3726 412 3790 ab
432 3725 520 3791 omni
543 3729 692 3805 avaritie,
709 3733 782 3820 quia
826 3754 888 3796 non
914 3734 1118 3814 iracundum,
1138 3761 1202 3803 non
1227 3726 1351 3800 vinolen-

239 3831 305 3876 non
321 3813 354 3877 in
378 3812 571 3878 abundantii
593 3816 782 3906 cujusquam
825 3833 914 3895 tum,
942 3845 1005 3889 non
1033 3847 1269 3912 percussorem,
1297 3828 1348 3877 non

242 3898 305 3963 vita
322 3899 392 3986 ejus
407 3911 504 3966 estex
519 3901 586 3980 his,
604 3909 782 3996 quaepossi-
824 3907 927 3995 turpis
946 3907 1027 3975 lucri
1049 3915 1210 4002 cupidum.
1238 3908 1298 3973 Tit.
1325 3917 1348 3994 ¹3

243 3985 306 4054 det.
325 3985 403 4060 Luc.
427 4011 476 4059 ra.
496 3989 545 4083 15.
827 4019 857 4081 7.
879 3996 967 4077 Quos
983 4011 1107 4088 oportet
1127 3994 1288 4088 redargui,
1302 4001 1346 4072 Ψ
1413 4034 1414 4049 ¹

1276 4663 1328 4679 ,Α
1333 4636 1396 4663 ‘⁴⁴
