2884 4725
309 284 387 359 tuo
857 286 946 387 tnn-
1134 282 1198 368 trs

71 399 215 471 niillibds
236 403 316 477 suis,
341 404 445 469 tacere
464 403 617 491 judicium
659 408 778 496 etpost
799 427 873 497 eum
896 423 1030 477 exurens
1047 407 1198 486 flammat

69 502 617 581 contraonrnes‚etarguereomnes
660 496 749 584 quasi
782 497 892 564 hortus
921 498 1091 591 voluptatis
1115 513 1200 570 tem

68 581 188 669 impios
217 580 257 646 de
289 580 436 646 omnibus
470 583 617 669 operibus
660 600 877 662 corameo,at
889 590 1049 677 postcom
1061 590 1199 658 solitudo

69 668 384 757 impietatiseorum,
398 669 511 755 quibus
523 671 617 759 impie
660 671 795 738 desertis
819 698 922 764 neque
937 690 984 741 est
999 679 1199 768 qui-‘effugiat
1220 740 1223 745 .
1294 726 1297 738 ι

68 769 226 847 egerunt,
241 768 302 821 etc.
321 756 421 823 loto
435 782 468 825 v.
492 761 539 838 14.
565 762 613 825 rb.
659 784 744 825 eum.
762 762 844 828 loct.
870 788 899 828 s.
929 766 958 829 6.
988 767 1112 833 Aiacis
1130 770 1199 856 ejus

660 853 852 918 contremuit
879 864 987 929 tarra,
1017 857 1095 919 moti
1125 869 1200 922 sunt

659 936 754 1003 etalii
783 939 828 1004 sol
850 953 882 1005 et
902 940 1200 1012 luna-obtenebrati
1221 992 1225 999 -

118 1024 329 1113 congregabo
353 1046 463 1091 omnes
485 1038 615 1115 gentes,
660 1039 757 1104 sunt,·
794 1041 827 1092 et
863 1028 960 1095 stellae
1000 1043 1200 1102 retraxerunt

67 1127 102 1179 et
120 1112 283 1179 deducam
300 1136 354 1177 aas
369 1114 401 1179 in
423 1113 537 1181 vallem
559 1117 618 1181 Jo-
659 1113 859 1203 splendorem
871 1142 975 1182 souma
991 1144 1024 1183 o.
1046 1144 1094 1185 ro.
1111 1120 1199 1209 Mag*
1219 1174 1228 1192 ,.

67 1201 212 1289 saphat:
232 1214 264 1266 et
282 1200 467 1289 disceptabo
483 1227 557 1269 curn
572 1206 616 1270 cis
659 1227 718 1267 nus
741 1205 827 1269 anim
846 1205 913 1270 dies
935 1207 1062 1272 Domini
1081 1220 1113 1273 et
1138 1222 1200 1289 teas
1221 1211 1223 1214 ’

69 1292 118 1356 ibi
131 1302 211 1365 ‚etc
222 1290 305 1355 loct.
319 1292 349 1355 b.
364 1312 393 1355 at
406 1290 615 1379 Consurgunt,
661 1291 760 1355 ribilis
773 1292 885 1359 ualde:
899 1296 1016 1382 etquis
1032 1296 1200 1366 sustinebit

69 1392 104 1444 ct
124 1378 298 1443 ascendant
319 1378 437 1443 Gentes
457 1380 617 1447 invallem
658 1381 754 1445 eum?
781 1406 814 1447 o.
846 1406 894 1447 ιι.
927 1384 1012 1447 Victo
1033 1407 1060 1449 c.
1085 1386 1115 1449 6.
1147 1388 1196 1452 15.

69 1458 252 1553 dosapbati
274 1467 348 1554 quia
365 1468 409 1531 ibi
436 1469 566 1545 sedebo,
583 1482 617 1533 ut
658 1468 746 1534 Item
782 1467 848 1534 Iso.
890 1471 939 1535 rb.
987 1495 1045 1557 ro.¹
1080 1472 1197 1538 Ezeebt

69 1556 216 1645 judicem
237 1578 348 1621 omnes
371 1568 481 1643 gentes
498 1558 530 1623 in
552 1558 618 1623 cir-
661 1558 713 1621 ὃς.
733 1582 761 1642 7.
1016 1574 1019 1581 ·
1047 1585 1051 1594 ·

69 1646 177 1711 cuitu.
196 1668 229 1709 o.
258 1666 305 1707 ra.
333 1642 616 1749 Populiipopuli,
697 1644 1199 1737 Juxtaestdiesnomtnimsgnus.

70 1736 108 1799 in
122 1730 204 1797 valle
221 1732 408 1797 concisionis
418 1742 428 1797 r'
445 1757 518 1821 quaa
530 1746 617 1820 Juxta
660 1720 747 1819 iuxta
767 1745 816 1799 est
836 1747 868 1798 et
887 1732 978 1800 velox
1001 1736 1117 1803 nimis:
1141 1762 1201 1803 vox

55 1833 124 1887 -cst
141 1820 209 1885 dies
229 1820 362 1905 Domiq‘
380 1821 413 1886 in
430 1820 516 1887 ualle
538 1846 620 1889 oon·
661 1820 969 1907 dieiDominialmara
982 1810 1201 1899 ,tribulabitur
1213 1852 1223 1869 ··

71 1908 215 1975 cisionis.
233 1932 274 1973 o.·
292 1911 357 1988 14..
459 1964 463 1973 .
543 1932 547 1941 ·
660 1902 702 1974 ibi
724 1899 823 1976 sortis.
847 1910 1020 1995 Diestrae,
1042 1912 1107 1977 dies
1127 1910 1198 1990 ittet,

121 1998 161 2060 Et
176 1996 279 2061 mittet
299 1994 435 2084 Angelos
452 2021 524 2091 puos
544 2022 617 2065 cum
659 1997 726 2062 dies
749 1994 960 2065 tribulationis
981 2012 1014 2065 et
1029 2003 1197 2089 angustiae,

71 2088 151 2150 tubat
171 2096 204 2148 et
227 2090 458 2173 rocemagmi:
485 2099 517 2150 et
539 2110 619 2153 con·
660 2076 728 2174 dies¹
754 2078 940 2153 calamitatis
978 2100 1009 2153 et
1045 2090 1197 2166 miseriae,

72 2174 256 2263 gragabunt
281 2172 397 2238 electos
420 2174 488 2261 ejus
506 2181 522 2238 b
539 2192 619 2263 qua·
661 2172 727 2237 dies
749 2170 956 2245 tenebrarum
978 2188 1010 2240 ct
1037 2176 1197 2267 caliginis,

73 2256 627 2339 6106661]ῑὶεώειιῐιιιῐιίεοωΙοιἾΗη,Ι
661 2261 729 2327 dies
750 2254 873 2327 nebuiae
897 2275 929 2327 et
955 2264 1118 2342 turbhiss
1133 2251 1199 2331 dies

75 2356 178 2438 usque
219 2348 259 2416 ad
300 2348 451 2416 terminos
493 2375 615 2419 eorum.
662 2350 746 2416 tubae
768 2363 800 2415 et
822 2348 999 2440 clangoris,
1015 2355 1200 2440 superciri-

75 2435 198 2508 Mutat.
215 2439 334 2518 2451.
389 2447 392 2454 '
662 2451 741 2504 tates
760 2438 897 2504 munitas
912 2451 944 2503 et
959 2462 1053 2526 super
1068 2438 1232 2528 angulos,

75 2567 250 2635 nonesto
280 2581 415 2656 propo,-
449 2569 619 2656 signorum
661 2518 811 2592 ⁰¹⁰⁰¹⁵⁰⁸·
836 2524 935 2614 sopt.
974 2549 1001 2590 ¹·
1025 2550 1059 2612 r·
1093 2534 1143 2608 14·
1170 2545 1201 2595 et

91 2657 616 2744 mortariorumaooerouso.
660 2613 836 2768 {Wffl
850 2616 971 2682 ‘mm‘
998 2638 1026 2680 ¹·
1046 2640 1075 2703 7·
1096 2615 1201 2702 Amor

60 2863 65 2872 ι
123 2788 253 2877 Eritque
279 2793 410 2878 repente
440 2788 615 2854 confestim.
705 2793 789 2869 Ecce
811 2791 896 2856 enim
915 2790 980 2856 dies
1002 2785 1107 2859 veniet
1131 2816 1202 2885 puc-

163 892 215 959 06
230 885 298 958 ‘toci
317 894 527 985 gravitatem

75 2877 266 2946 ADomino
293 2876 488 2944 exarcituum
513 2875 619 2943 risita—
661 2901 757 2945 censa
771 2880 859 2966 quasi
876 2881 1035 2956 caminus:
1054 2892 1086 2944 et
1107 2878 1203 2948 erunt
1305 2900 1308 2906 ’

67 2957 166 3030 'bitur
195 2956 229 3028 in
256 2962 397 3040 tonitru,
421 2975 453 3027 et
476 2987 620 3030 commo·
661 2990 771 3033 omues
794 2957 938 3055 superbi,
966 2975 1140 3034 et'omnes'
1158 2958 1202 3036 sa

76 3055 166 3118 tione
195 3066 308 3128 terror,
340 3064 475 3134 atroce
498 3057 619 3140 ,magnai
661 3055 780 3121 cientes
812 3055 1030 3142 impietatem,
1045 3114 1049 3121 .
1064 3055 1198 3146 (qimai)

76 3141 215 3206 turbinis
253 3151 285 3204 et
325 3141 544 3228 tempestatis,
590 3152 623 3209 ct
661 3141 799 3232 stipula:
838 3139 871 3206 et
904 3143 1113 3227 inflammabit
1147 3167 1202 3212 ees

75 3224 320 3316 flammarignis
343 3225 531 3296 devorantis.
548 3228 616 3294 Iso.
662 3226 744 3296 dies¹
765 3230 910 3306 veniens,
939 3231 1015 3297 dicit
1045 3226 1201 3323 Dominus

79 3343 133 3406 29.
150 3319 180 3383 6.
321 3377 330 3394 ,
661 3319 885 3394 exercituum,
915 3343 984 3407 quse
1016 3343 1079 3386 non
1109 3319 1202 3388 dere*

126 3406 210 3486 Quia
231 3409 308 3470 ecoe
330 3397 485 3472 Dominus
500 3401 533 3470 in
549 3406 621 3508 igno
662 3395 705 3472 tin
731 3407 842 3472 oeteis
858 3405 997 3473 radicem
1011 3420 1043 3472 et
1058 3431 1200 3498 germen.
1265 3481 1269 3488 ,

78 3493 185 3560 veniet
198 3544 207 3570 ,
220 3506 252 3558 et
260 3493 348 3580 quasi
357 3493 451 3558 turbo
462 3493 622 3581 quadrigae
661 3431 806 3561 Miiact.
819 3496 852 3573 d.
876 3518 901 3558 r.

77 3583 174 3669 ejus:
198 3580 331 3646 reddere
353 3581 384 3647 in
405 3575 622 3669 indignatione
707 3577 821 3648 Statim
845 3593 951 3647 autem
972 3587 1044 3685 post
1069 3577 1205 3674 tribula·
1241 3653 1244 3659 ,

79 3671 223 3734 furorem
243 3693 353 3746 suum,
377 3681 408 3733 et
431 3668 619 3756 increpatio·
663 3669 782 3736 tionem
822 3669 947 3735 dierum
977 3667 1128 3748 diorum,
1157 3667 1204 3736 sol

78 3779 159 3823 nem
186 3781 273 3822 suam
300 3758 333 3822 in
362 3757 490 3822 flammat
516 3757 620 3859 ignis:
664 3751 1206 3832 obscurabitsrr,atiunanondabit

69 3843 157 3934 'quia
177 3839 210 3908 in
243 3845 314 3934 igne
336 3844 490 3910 Dominus
509 3843 623 3932 dijudi-
656 3839 897 3936 ⁴iumensuu’rn⁹
920 3854 952 3909 et
971 3844 1068 3910 stellae
1089 3839 1205 3910 eadent

78 3932 180 4008 cubit
199 3931 288 3998 Ibid.
310 3935 362 3999 66.
390 3934 438 3999 15.
462 3928 510 4015 ab.
665 3933 704 4000 de
728 3931 827 4013 eoelo,
847 3934 878 3996 et
899 3930 1030 3998 virtutes
1051 3930 1205 3998 colorum

64 4009 70 4025 ⁶
126 4021 623 4178 Mtessciempusiguisroraus,
665 4020 962 4090 commovebuntur.
985 4017 1114 4170 -Mgim
1149 4020 1202 4106 24.

246 4133 324 4176 orsus
442 4129 457 4138 ··

947 4402 992 4415 Α
