2884 4725
298 341 370 407 tur
852 300 937 415 uu
1118 354 1185 434 tsi,
1249 330 1251 335 ’

105 448 216 517 Mundi
236 450 604 531 ειιιιῑοοιιΙίῑιιῖ,ηεινὶὁ
645 476 719 529 me,
738 451 906 521 illudentes
922 458 1010 523 mihi.
1028 461 1066 524 Et
1082 461 1183 528 noluit
1257 510 1262 515 -

59 541 135 606 deas
160 540 305 619 malum,
332 558 369 609 etr
385 545 542 633 respicere
562 546 603 610 sd
645 543 780 631 armiger
795 544 864 633 ejus
884 568 892 608 :
915 546 1016 611 suerat
1030 550 1120 623 ¹enim
1132 552 1183 617 ni-

59 631 261 718 iniquitatem
274 654 339 697 non
354 635 491 720 poteris,
504 641 603 722 quare
645 632 710 695 mio
734 643 855 697 terrore
874 637 1084 721 perterritus:
1103 640 1183 705 arri-

59 718 194 805 respieis
211 743 305 807 super
328 721 434 808 iniqua
451 736 602 810 agentes,
644 722 714 807 puit
733 721 839 809 itaque
859 720 934 787 Saiil
957 723 1124 811 gladium,
1152 740 1187 793 et

58 820 90 871 et
105 820 193 872 taces
205 808 376 874 devorante
384 811 482 899 impio
491 813 605 898 justio-
645 808 736 874 irruit
751 833 845 897 super
864 834 938 875 eum
961 812 1105 897 (seilicet
1116 816 1184 905 glu-
1231 870 1234 875 .

58 920 131 960 rem
145 896 208 960 se?
227 897 352 963 Hebae.
373 924 400 963 t.
421 901 470 964 15.
646 898 771 984 dium).
792 897 887 977 Quod
905 905 978 965 clun
995 902 1124 969 vidisset·
1138 928 1187 970 ar·

108 982 193 1072 Ergo
219 1009 306 1052 nunc
328 987 439 1053 beatos
470 988 605 1054 dicimus
645 986 746 1074 miger
784 987 852 1074 ojus
887 988 1066 1073 (videlicet
1094 993 1186 1079 quod
1264 1042 1268 1051 ,

58 1084 270 1160 arrogantes,
288 1074 605 1178 siquidemaedilicati
645 1074 1186 1165 mortuusessetSaiil),irruitetiam

57 1173 139 1225 sunt
155 1160 310 1227 'facientes
330 1164 526 1252 impietatem
545 1217 554 1242 ,
575 1177 608 1229 et
646 1163 713 1251 ipse
740 1187 834 1251 super
854 1164 993 1253 gladium
1017 1192 1131 1243 suum,
1155 1180 1188 1233 et

57 1262 268 1314 tentaverunt
276 1251 380 1316 Deum
392 1303 400 1328 ,
413 1266 445 1317 et
457 1253 532 1318 salvi
545 1254 607 1321 iac-
646 1263 791 1317 mortuus
812 1264 860 1317 est
881 1276 955 1319 eum
976 1278 1025 1323 eo.
1046 1256 1191 1325 ttortuus

59 1338 84 1401 ri
100 1350 185 1403 sunt.
203 1337 349 1405 stataet.
369 1342 399 1405 ὅ.
418 1343 465 1427 15.
648 1352 695 1405 eet
710 1347 786 1428 ergo
803 1339 878 1405 Saiil
890 1391 899 1417 ,
912 1354 945 1405 ct
957 1356 1020 1407 tres
1036 1342 1093 1409 lilii
1105 1346 1187 1431 ejus,
1270 1402 1274 1411 ,
1364 1436 1369 1444 Ι

647 1440 680 1493 et
686 1430 823 1517 armiger
832 1427 913 1494 illius
923 1479 931 1504 ,
943 1443 975 1495 et
986 1432 1122 1497 universi
1130 1430 1188 1502 viri

648 1518 719 1606 ejus
730 1518 761 1581 in
771 1518 822 1583 die
831 1516 883 1583 itta
893 1519 1019 1605 pariter.
1030 1520 1121 1586 Itis.
1133 1522 1185 1588 51.

671 1622 758 1671 ,οἰδ
798 1648 805 1670 t
1154 1670 1157 1679 ,
1272 1660 1276 1667 .

113 1690 263 1778 Cumque
291 1692 474 1780 inspexisset
499 1692 608 1757 Philis-
648 1609 1190 1785 4suspicimusestitaquedmauin

61 1780 229 1853 thaeus,et
237 1778 360 1843 vidisset
370 1780 608 1870 Daviddespe-
650 1781 814 1870 patibulo,
831 1785 918 1871 quod
929 1798 1094 1873 paraverat
1105 1786 1190 1852 lilar-

64 1868 394 1933 xitenm.liratenim
407 1868 607 1948 adolescens,
650 1872 782 1937 dochaeo
798 1885 863 1955 set
884 1873 966 1961 regis
989 1873 1035 1939 ira
1058 1874 1186 1962 quieritr

60 1956 181 2031 rusus,
198 1966 229 2019 et
243 1956 379 2043 pulcher
401 1982 436 2021 as
460 1971 544 2023 ectu.
567 1960 608 2024 Et
649 1960 742 2025 Eut.
757 1986 786 2047 7.
803 1984 851 2025 10.
863 1962 894 2028 V
897 1962 1085 2028 idaluditlt.
1102 1965 1188 2043 add.
1275 1996 1281 2003 ·

58 2045 147 2109 dixit
176 2042 375 2110 Philisthaeus
412 1982 457 2109 ad
482 2047 607 2112 Daridr
679 2048 1189 2151 Lacumaperuitoetelloditeumt

60 2134 91 2200 N
95 2131 222 2220 unquid
239 2156 299 2223 ego
311 2136 397 2199 canis
415 2158 503 2211 sum,
523 2135 609 2224 quod
650 2148 682 2199 et
697 2135 809 2200 incidit
825 2160 856 2201 m
877 2137 999 2203 foveam
1011 2188 1019 2215 ,
1033 2138 1160 2226 quami
1180 2176 1192 2189 -

60 2236 96 2287 tu
109 2222 204 2286 venis
216 2221 258 2286 ad
268 2246 320 2287 me
331 2246 406 2287 eum
418 2222 557 2290 haculoi'
570 2226 609 2288 Et
650 2225 703 2289 cit.
721 2223 811 2288 Psal.
832 2248 861 2309 7.
887 2227 935 2301 rii.

61 2309 232 2377 maledixit
269 2309 467 2377 Philistlraeus
509 2311 610 2378 David
695 2309 851 2377 Exultabo
866 2312 900 2376 in
912 2311 1040 2379 salutari
1058 2328 1132 2381 tuo:
1148 2315 1192 2382 in·

62 2401 94 2464 in
109 2400 172 2464 diis
184 2399 261 2464 suis.
277 2401 424 2487 Dixitque
440 2401 481 2465 ad
489 2401 607 2468 David:
651 2401 720 2467 fixae
748 2411 821 2465 sunt
851 2414 960 2488 gentes
984 2402 1016 2466 in
1035 2403 1165 2474 interitu
1181 2455 1191 2480 ,

62 2489 148 2554 Veni
172 2488 215 2551 ad
238 2510 310 2563 me,
338 2500 370 2552 et
389 2488 472 2553 dabo
499 2512 610 2556 carnes
651 2489 1122 2578 quemseeerunt,etc.Psal.q.
1140 2494 1201 2558 16..
1281 2544 1286 2553 ,

67 2590 140 2641 tuas
159 2575 345 2642 volatilibus
367 2577 438 2642 coeli
457 2578 611 2644 etbestiis
701 2577 817 2644 Veniat
849 2574 893 2642 illi
924 2576 1055 2664 laqueus
1096 2603 1192 2666 quem

62 2665 607 2755 terrae,etc.1.lleg.17.4a.45.dl.
653 2668 797 2754 ignorat:
815 2677 847 2730 et
863 2666 989 2752 captio,
1008 2689 1103 2755 quam
1119 2668 1193 2736 abs.-

64 2754 151 2818 Cism
181 2760 262 2842 ergo
288 2756 473 2820 surrexisset
497 2753 611 2819 Philis-
653 2753 1106 2841 condit,apprel1endnteurn:
1119 2756 1192 2823 etin

60 2843 193 2917 thaeus,
219 2854 252 2906 et
275 2844 415 2917 veniret,
442 2856 475 2906 et
496 2866 612 2931 appro-
639 2841 803 2931 'laqueum
819 2841 912 2908 cadat
928 2843 959 2908 in
972 2843 1086 2931 ipsum.
1102 2845 1189 2910 Psal.

56 2933 241 3020 pinquaret
256 2942 367 2996 contra
388 2932 507 3008 David,
525 2933 612 2996 lesti—
655 2933 709 3012 54,
728 2934 758 2996 8.
1174 2937 1178 2944 ’

60 3019 160 3084 navit
189 3018 311 3094 David,
343 3031 375 3084 et
402 3021 544 3102 cucurrit
573 3020 613 3085 ad
699 3017 847 3084 Gladium
862 3019 1105 3106 evaginaverunt
1115 3041 1192 3107 pec-

60 3129 216 3196 pugnam
232 3107 413 3174 exadverso
429 3107 609 3174 Philisthaei.
655 3121 779 3175 catores
807 3132 815 3171 :
844 3107 1049 3173 intenderunt
1084 3130 1195 3172 areum

61 3194 612 3285 Etmisitmanumsuaminperam‚
656 3221 768 3274 suum,
791 3207 827 3259 ut
851 3195 1001 3284 dejiciant
1021 3215 1194 3282 pauperem

57 3282 215 3368 tulitque
245 3306 345 3349 unum
381 3284 546 3373 lapidem,
583 3298 616 3350 et
656 3299 688 3352 et
708 3287 835 3372 inopem
851 3295 908 3358 ,ut
922 3282 1080 3349 trucident
1092 3295 1195 3348 rectos

58 3369 178 3439 sundri
198 3370 271 3456 jecit
291 3398 300 3438 x
324 3386 357 3437 et
372 3373 615 3440 circumducens
657 3373 765 3440 corde.
783 3371 912 3438 Gladius
928 3394 1037 3437 eorum
1051 3371 1147 3437 intret
1161 3371 1195 3436 iu

51 3459 453 3552 percussitPlsilisthaeum
459 3463 491 3527 in
498 3465 615 3538 fronte,
659 3463 755 3530 corda
769 3463 925 3550 ipsorum:
938 3473 969 3524 et
981 3483 1073 3524 arcus
1084 3483 1196 3525 eorum

51 3565 96 3618 et
111 3547 239 3614 infixus
250 3549 380 3636 estlapis
391 3551 424 3614 in
435 3551 539 3616 ironte
549 3551 618 3638 ejus
659 3551 782 3616 consrin
805 3564 885 3614 nturi
901 3549 988 3614 Psal.
1004 3549 1055 3612 56.
1076 3551 1126 3628 14,
1145 3549 1193 3614 15.

49 3654 93 3707 et
114 3635 241 3704 cecidit
252 3638 284 3702 iu
296 3639 411 3703 faciem
424 3662 512 3704 suam
525 3663 618 3727 super
705 3639 769 3719 Qui
785 3574 863 3704 iouis
878 3638 1021 3712 foveam,
1036 3636 1153 3703 incidet
1165 3637 1197 3701 in
1242 3697 1244 3707 ,

49 3745 214 3802 terram,
231 3738 294 3791 etc.
310 3751 343 3791 υ.
362 3730 416 3806 48.
435 3742 466 3790 et
479 3751 541 3813 scqt
660 3751 731 3792 eam
746 3751 754 3792 ε
769 3740 800 3791 et
812 3727 864 3814 qui
876 3723 972 3791 volvit
982 3723 1138 3813 lapidem,
1152 3746 1198 3787 re·

106 3815 269 3900 Dixitque
283 3814 360 3879 saut
375 3815 416 3878 ad
429 3815 619 3903 armigerum
661 3827 803 3882 vertetur
814 3815 855 3880 ad
869 3837 952 3879 eum.
968 3813 1066 3878 Pron.
1080 3815 1132 3878 ali.
1144 3833 1196 3896 ⁹7¹

57 1470 174 1561 Impia·
191 1467 344 1537 incidunt
359 1475 396 1537 in
409 1477 520 1549 mala,
537 1496 609 1561 quse

211 1562 276 1647 piis
284 1570 459 1651 pararunt.

45 3927 178 3974 suum.
197 3903 341 3991 Evagina
357 3903 498 3991 gladium
510 3916 618 3977 tuum,
708 3904 771 3984 Q'ui
786 3903 865 3970 iodit
876 3903 1021 3975 foveam,
1039 3899 1158 3966 incidet
1169 3897 1201 3962 in
1302 3955 1306 3964 .

44 4010 85 4062 et
97 4005 250 4084 percute
262 4015 334 4056 me:
353 4015 393 4056 ne
405 3993 622 4080 fortereniant
663 4015 734 4057 eam
753 4016 760 4056 :
786 4005 818 4058 et
840 3992 894 4080 qui
918 3989 1047 4076 dissipat
1067 4009 1201 4072 sepem,

44 4079 295 4154 incircumcisi
304 4080 355 4144 isti
367 4131 376 4157 ,
389 4093 421 4145 et
430 4079 622 4148 interficiant
664 4079 822 4146 mordebit
838 4103 910 4144 eum
922 4075 1063 4145 coluber.
1079 4075 1202 4142 eccm.
