2884 4725
316 332 398 401 Ecc
863 334 943 401 EGC
1136 335 1200 403 trs

81 448 363 539 grogi,inq110vos
375 448 506 537 Spiritus
519 448 622 515 Sauo-
647 458 789 514 'nostem
809 448 842 515 in
862 448 1010 515 columnt
1027 450 1106 539 iguis
1128 472 1135 513 t
1162 461 1199 513 ut

80 552 126 602 tus
187 537 256 601 suit
285 538 477 641 Ερίεοοροι,
511 560 622 626 regere
662 537 727 601 dux
739 549 821 602 esset
832 538 952 603 itineris
968 551 1101 626 utroque
1116 550 1201 603 tem-

80 627 140 691 uec
151 626 255 691 osiam
267 625 345 701 Der,
398 626 622 714 nmaoquisivit
661 625 865 713 poreb'aeoct.
880 627 929 691 ιδ.
943 648 993 691 ιι.
1006 626 1197 693 VidsNum.

80 714 231 800 sauguine
254 736 321 779 suo.
375 729 455 779 otor.
471 738 523 780 ιο.
545 716 594 779 ι8.
667 717 716 793 ι4.
741 713 890 793 ι4.1εειη
908 736 937 779 ι.
955 714 1100 866 Ειιίνρ
1120 738 1169 802 ¹9·

118 803 228 889 Empti
244 803 331 867 enim
347 804 422 868 estis
437 805 537 892 pretio
552 826 623 868 ma·
663 804 702 867 Et
717 801 871 868 habitabo
887 803 920 871 in
940 803 1046 868 medio
1086 802 1201 868 liorum

77 912 145 979 garo.
169 914 198 954 1.
220 890 300 955 Cor.
319 891 350 954 6.
372 912 423 957 ιο.
665 889 778 965 lsrael,
803 914 858 955 ero
882 914 922 955 ue
943 892 988 956 eis
1008 890 1112 965 Deus,
1134 901 1197 955 eto.

117 978 227 1043 Pretio
262 978 364 1067 empti
393 979 490 1052 estisr
525 977 622 1044 nolito
663 978 684 1044 1
687 979 715 1043 b.
729 1002 780 1066 29·
792 913 944 1057 ibium
966 981 997 1044 ὖ.
1011 980 1088 1070 Bag.
1098 980 1128 1043 6.
1144 979 1193 1042 15.

77 1064 141 1131 beri
153 1066 241 1132 servi
258 1066 434 1132 bominum.
450 1067 469 1132 I
473 1067 502 1131 b.
515 1078 550 1153 ¹7.
567 1068 618 1131 ιδ.
709 1065 888 1132 Ambulabo
904 1068 987 1132 inter
1003 1090 1076 1143 vos,
1093 1080 1125 1131 ot
1147 1089 1202 1131 ero

116 1154 211 1224 Nunc
224 1166 337 1222 autem
345 1155 377 1220 in
386 1156 514 1220 Christo
530 1156 621 1231 Jes'u,
664 1155 750 1221 Deus
765 1167 882 1229 vestem
906 1178 1023 1242 vosque
1042 1156 1129 1219 eritis
1148 1177 1203 1242 ροι

75 1242 618 1331 vos,quiaiiquandberatislongb,
664 1241 756 1333 pulus
772 1266 871 1309 meus.
894 1243 998 1309 Lavit.
1026 1244 1076 1309 ιθ.
1101 1266 1149 1307 ιι.

74 1330 143 1396 farti
171 1330 256 1396 estis
277 1338 381 1420 prope
406 1333 440 1397 iu
466 1332 622 1421 sanguino
707 1332 862 1399 Dominus
894 1332 979 1397 enim
1012 1331 1098 1397 Deus
1131 1343 1203 1396 tuus

76 1419 203 1485 Christi.
225 1419 347 1507 Epiros.
365 1444 396 1485 ι.
416 1421 465 1485 ιό.
663 1418 806 1485 ambulat
823 1420 856 1485 in
875 1419 980 1485 medio
998 1432 1201 1493 castrorum,

117 1508 153 1572 ln
169 1531 240 1596 quo
270 1506 442 1592 (Christo)
467 1507 623 1574 babemus
664 1520 699 1573 ut
710 1519 801 1574 eruat
809 1519 859 1584 te,
873 1518 905 1573 et
916 1507 1020 1573 tradat
1031 1508 1088 1572 tibi
1100 1507 1204 1573 inimi·

82 1596 338 1684 redemptionem
359 1619 418 1685 per
438 1598 622 1685 sanguinem
663 1620 719 1664 sos
749 1609 846 1671 tuos,
870 1608 902 1661 et
928 1597 991 1662 sint
1013 1607 1116 1663 castra
1148 1607 1202 1659 tua

80 1683 619 1772 e'us,remissionempecoa'torum.
664 1697 791 1761 sancta,
812 1696 843 1749 et
855 1683 976 1749 nibilin
991 1684 1035 1749 eis
1053 1696 1223 1772 appareat·

84 1708 202 1837 (buo.
226 1794 254 1835 1.
276 1774 324 1850 14.
663 1772 1198 1859 fmditatis,nederelinquatte,etc.

127 1859 278 1924 Christus
298 1882 401 1946 neque
423 1883 481 1948 per
498 1861 623 1949 sangui·
663 1863 759 1933 Dent,
781 1862 831 1926 ιδ.
857 1865 905 1941 ι4.
921 1861 1045 1925 Video.
1063 1886 1093 1947 7.
1116 1884 1167 1925 ιο.

82 1970 154 2012 nem
174 1947 340 2015 hircorum
359 1960 415 2013 aut
429 1947 620 2025 vitulorum,
706 1950 860 2019 Dominus
898 1956 973 2037 ergo
1007 1949 1092 2013 Deus
1130 1960 1202 2013 tuus

82 2036 134 2099 sed
152 2058 213 2123 prr
231 2037 398 2125 proprium
416 2038 620 2125 sanguinem,
662 2038 809 2103 transibit
827 2043 900 2103 ante
917 2050 949 2103 te
970 2062 979 2102 z
999 2038 1066 2127 ipso
1085 2035 1207 2101 delebit

82 2124 220 2189 introivit
235 2124 336 2189 semel
356 2125 389 2190 in
404 2139 532 2201 sanctu,
555 2137 617 2197 eto,
663 2149 772 2191 omnes
788 2138 897 2215 gentes
908 2126 966 2190 has
977 2125 1010 2189 in
1027 2148 1103 2191 cons
1145 2136 1200 2190 otu

84 2211 180 2278 Deba.
199 2237 235 2301 ῃ.
259 2235 310 2278 ιι.
662 2214 1041 2303 tuo,etpossidebiseas:
1060 2224 1091 2279 et
1126 2236 1202 2277 osus

126 2299 263 2368 Pretioso
304 2302 485 2390 sanguine,
529 2301 617 2390 quasi
663 2303 720 2368 iste
737 2304 881 2368 transibit
897 2307 971 2366 ante
986 2314 1035 2378 te,
1053 2302 1135 2367 siout
1153 2299 1202 2366 lo-

89 2384 164 2474 Agni
189 2389 384 2454 immaculati
415 2390 557 2465 Christi,
589 2402 622 2454 et
663 2387 811 2457 ouiusost
820 2391 984 2456 Dominus.
999 2389 1088 2455 ltin.
1102 2391 1153 2453 51.
1167 2391 1197 2455 5.

89 2475 339 2551 incontaminati,
354 2480 456 2566 empti
470 2481 545 2543 ostis
558 2493 616 2542 eto.
704 2478 860 2553 Domine,
877 2478 1036 2564 refugium
1048 2479 1151 2543 sactus
1167 2501 1202 2542 es

90 2585 118 2626 1.
136 2564 224 2630 Patr.
247 2587 270 2629 1.
293 2589 340 2653 ις).
360 2563 448 2635 Vide
468 2589 495 2634 1.
513 2568 614 2631 loun.
661 2568 768 2642 nobis,
782 2575 799 2630 a
812 2567 1013 2654 generatione
1029 2567 1059 2630 in
1093 2589 1201 2632 enera-

90 2673 166 2738 1.7.
661 2657 791 2722 tionem.
813 2656 902 2719 Psoi.
930 2657 982 2741 89.
1014 2677 1041 2717 1.
1066 2589 1152 2718 ii'ids
1171 2669 1208 2718 et*

126 2739 277 2806 Christus
291 2741 400 2808 dilexit
411 2763 487 2817 nos,
499 2755 532 2806 et
544 2741 619 2806 lavit
660 2745 749 2809 Prot.
767 2767 820 2830 9⁰·
842 2765 868 2807 1.

80 2836 174 2894 nosb
197 2831 471 2918 peccatisnostris
494 2831 527 2895 in
546 2842 628 2894 sau:
705 2833 787 2896 Giun
814 2829 974 2896 transieris
996 2853 1053 2918 per
1077 2852 1198 2917 aquas,

82 2917 173 3001 guina
185 2942 264 2994 suo,
277 2929 309 2982 et
323 2919 399 2984 fecit
415 2943 474 2984 nos
486 2942 618 3007 regnum
660 2932 849 2996 tanumero,
862 2916 1032 2983 otssumina
1044 2941 1108 2982 non
1121 2941 1199 3005 opo-

83 3015 114 3067 et
127 3004 303 3072 sauerdotes
318 3007 396 3073 Deo.
411 3009 513 3092 Aper.
536 3031 564 3070 1.
585 3007 615 3071 b.
660 3009 742 3074 rient
762 3020 816 3073 to:
842 3013 916 3072 siun
932 3005 1140 3072 ambulaveris
1164 3007 1198 3071 in

125 3091 242 3182 Dignus
249 3103 301 3171 es,
313 3095 463 3170 Domine,
474 3096 619 3182 accipere
660 3097 748 3184 igne,
763 3119 827 3161 nou
844 3095 1040 3161 combureris
1050 3145 1058 3168 ,
1068 3107 1100 3160 ut
1111 3093 1198 3160 ilam-

83 3177 219 3258 librum,
245 3194 279 3248 et
307 3184 431 3272 aperire
455 3181 615 3272 signacula
659 3208 710 3267 ma
723 3183 1008 3250 nonardobitinte.
1021 3183 1088 3250 Iso.
1099 3183 1152 3260 45.
1165 3203 1194 3247 ι.

80 3267 173 3355 ejus:
192 3270 342 3358 quonium
363 3272 487 3338 occisus
506 3295 559 3346 es,
586 3282 619 3336 et
703 3272 1198 3347 Ettunolitimero,servemeus

79 3357 239 3427 redemisti
256 3360 399 3441 uos-Deo
416 3361 448 3425 in
466 3360 619 3449 sanguino
659 3360 779 3437 Jacob,
815 3361 858 3426 ait
892 3361 1047 3425 Dominus
1080 3382 1088 3422 τ
1123 3358 1196 3446 quia

77 3455 186 3536 tuouex
208 3447 297 3512 omni
314 3449 417 3524 tribu,
438 3460 470 3514 et
487 3447 616 3536 lingua,
657 3460 765 3515 tecum
781 3472 839 3537 ogo
854 3472 924 3514 sum
940 3448 1036 3536 :quia
1052 3469 1111 3535 ego
1122 3471 1197 3513 oon·

76 3545 106 3596 et
115 3534 257 3624 populo,
274 3537 451 3602 etnatione.
466 3536 518 3602 lt.
539 3537 569 3601 5.
582 3560 613 3624 9.
658 3561 781 3603 sumum
816 3548 947 3603 cunctas
983 3547 1119 3624 gentos,
1156 3535 1197 3602 ad

73 3669 616 3760 ιιιιιιιιιιι
657 3626 895 3780 anuto
910 3630 1195 3780 saturnu.

248 3758 443 3823 otortrtodit.
658 3804 666 3818 .
716 3802 755 3818 ..
790 3763 799 3786 ⁹
989 3737 1042 3816 ὅ.
1185 3796 1193 3810 .

656 3802 795 3890 Judrcro,
826 3825 886 3868 neo
915 3825 1003 3892 quus1
1033 3807 1193 3864 rnnocentt

113 3893 273 3974 Dominus
290 3905 397 3958 autem
414 3892 617 3983 praeoodebat
656 3913 785 3981 parcam
806 3891 873 3956 tibi.
886 3890 1007 3955 larem.
1023 3887 1075 3964 46.
1096 3886 1146 3946 ι8.

71 4003 126 4046 eos
140 3979 183 4046 ad
195 3980 424 4072 ostendendam
437 3983 542 4057 riam,
559 4003 617 4068 per
699 3981 740 4044 tn
759 3985 836 4046 ecee
857 4003 915 4066 ogo
938 3975 1101 4042 vobiscum
1123 3991 1193 4033 sum

70 4067 156 4136 diem
167 4121 176 4147 ,
189 4071 223 4138 in
233 4068 383 4136 columns
395 4069 505 4145 nubis,
514 4082 547 4136 et
557 4091 616 4158 per
656 4069 804 4136 omnibus
818 4067 946 4141 diebus,
959 4063 1058 4146 usque
1071 4054 1195 4128 adcon.

1079 4394 1152 4410 Q
