2884 4725
300 356 389 425 ΒΟΝ
855 356 942 424 ΒΟΝ
1142 384 1199 426 aot

66 472 100 533 Et
115 467 192 533 dixit
207 465 276 533 illis
301 490 312 531 ε
332 468 380 534 lta
395 479 427 532 et
442 489 497 532 vos
520 467 553 532 iu
569 468 617 532 ri·
657 462 757 533 Fides
772 468 862 531 enim
873 460 995 555 perae,
1013 466 1044 533 ai
1059 490 1129 532 non
1146 466 1210 532 bc·

63 578 151 621 naam
171 578 308 631 meam,
335 568 368 623 et
389 555 476 643 quod
498 556 617 643 justum
660 556 709 620 bet
724 579 840 644 opera,
857 570 990 620 mortua
1008 571 1072 621 cat:
1093 578 1211 641 quean-

58 644 166 719 lucrit‚
180 644 272 709 dabo
286 644 389 710 vobis.
404 643 494 709 lttct.
516 666 564 709 no.
583 667 612 709 e.
657 642 840 709 odnaodltm
862 667 919 709 cor
941 667 979 709 aa
1002 646 1074 711 sino
1090 646 1209 709 animat

57 738 87 811 4.
112 733 204 797 Item
229 757 241 798 :
266 732 363 801 Voca
382 731 563 821 operarios,
586 744 618 798 et
656 747 888 797 mor-tuamet.
928 731 1008 797 acob
1026 755 1054 797 a.
1083 735 1131 811 id.
1152 733 1208 800 Via

56 820 154 887 redde
169 818 235 887 illis
252 822 452 889 mercedem.
470 846 504 886 v.
525 825 555 887 8.
658 833 765 887 autem
787 821 893 897 scire,
913 821 933 885 ὃ
956 821 1053 886 bomo
1076 822 1206 898 inanis,

51 941 54 951 ·
101 910 192 989 Quid
205 922 326 977 autem
342 912 458 977 vocatis
469 934 539 985 mo,
556 911 618 978 Dc
657 910 811 997 quoniam
845 909 924 975 lidca
942 910 1029 976 ‘aine
1059 910 1208 999 operibus

56 998 163 1074 mine,
179 994 348 1074 Domine,
366 1013 398 1064 et
412 1022 475 1064 non
492 998 617 1072 facitis,
658 1009 785 1063 mortua
812 1008 860 1063 est
886 997 902 1064 l
927 997 1090 1064 Abraham
1118 1010 1209 1085 pater

55 1110 126 1173 quae
142 1086 245 1153 dicoi¹
263 1087 347 1154 Luc.
367 1089 398 1153 6.
413 1088 466 1166 46.
487 1086 575 1152 Vide
588 1101 619 1151 et
659 1098 768 1151 noster
779 1109 887 1152 noune
901 1110 940 1151 ex
956 1086 1104 1175 operibus
1122 1086 1209 1152 'usti-

54 1175 176 1241 tlanl.
199 1201 234 1262 7.
260 1179 316 1255 ad.
659 1174 988 1250 licatuaest,ollerens
1002 1174 1090 1241 lsaac
1106 1111 1209 1241 lilium

99 1264 135 1329 Si
158 1265 237 1351 quis
273 1264 354 1330 mihi
377 1264 617 1339 ministraverit,
659 1264 1155 1351 suumauperaltarelvaoar.

57 1352 299 1421 honorificabit
314 1374 389 1417 eum
404 1352 498 1418 Pater
517 1374 615 1417 meus.
704 1353 926 1441 Quapropter,
949 1353 1081 1429 fratres,
1106 1354 1213 1441 ‘magia

57 1442 155 1506 Joan.
181 1465 239 1507 ru.
266 1443 320 1506 ab.
660 1441 817 1529 satagite,
845 1453 888 1505 ut'
902 1464 960 1529 per
981 1441 1066 1507 bona
1088 1464 1211 1529 opera,

102 1530 168 1609 Qui
185 1531 299 1596 habat
314 1528 463 1593 mandata
479 1551 570 1603 mea,
590 1541 622 1593 at
660 1541 782 1595 certam
796 1541 939 1594 rostram
960 1529 1160 1595 vocationem
1180 1541 1214 1595 et

65 1632 168 1685 serrat
188 1642 234 1684 ea
261 1642 271 1683 ε
295 1615 349 1683 illc
366 1629 428 1693 est,
448 1618 501 1705 qui
521 1616 620 1706 diligit
660 1615 850 1684 electionem
886 1617 1018 1683 faciatis.
1054 1640 1084 1681 a.
1117 1620 1209 1683 Patr.

63 1708 409 1785 melbidabar.
488 1724 491 1733 '
666 1730 691 1771 1.
717 1730 767 1771 ιο.

107 1796 170 1863 llos
187 1796 293 1862 amici
308 1794 372 1859 mei
388 1794 478 1868 estis,
496 1796 521 1859 si
533 1795 620 1859 leca-
706 1795 771 1874 Qui
778 1791 894 1859 dicitae
906 1816 1083 1859 nosseeum
1094 1792 1215 1880 (Deam

68 1883 147 1961 ritis,
189 1909 243 1951 uae
260 1906 320 1973 ego
341 1882 492 1975 praeoipio
511 1883 619 1958 vobis,
660 1885 848 1970 acilicetper
861 1881 1004 1969 fidem),
1022 1882 1214 1947 etmandata
1330 1939 1333 1945 .

12 1986 13 1989 ’
68 1984 127 2038 etc.
147 1908 242 2038 litu.
268 1974 316 2039 15.
341 1973 391 2050 ι4.
662 1972 731 2059 ejus
747 1972 980 2045 uoncnatoditr
998 1972 1136 2037 mandax
1152 1983 1213 2046 est,

114 2061 241 2127 Reddet
262 2061 351 2129 Deus
370 2062 549 2145 αηίοαὶᾳαο
572 2081 623 2126 aa·
662 2072 694 2124 et
720 2060 753 2124 in
776 2059 839 2124 hoc
858 2061 972 2127 veritas
998 2084 1062 2126 non
1086 2072 1144 2125 est.
1183 2081 1212 2125 1.

12 2182 13 2187 κ
74 2148 225 2213 cundiam
247 2172 343 2238 opera
363 2152 446 2235 ejus.
471 2150 563 2214 Rara.
589 2171 618 2213 a.
662 2148 762 2213 toan.
782 2169 812 2212 a.
827 2150 858 2227 4.

82 2236 115 2297 6.
147 2234 221 2301 Non
249 2238 330 2303 enim
357 2236 516 2303 auditores
545 2234 622 2325 legis
709 2236 773 2315 Qui
793 2248 915 2304 autom
948 2250 1053 2302 servat
1081 2236 1216 2302 verbum

12 2371 13 2376 ,
85 2320 163 2408 justi
179 2335 250 2388 sunt
264 2324 344 2412 apud
352 2326 476 2403 Deum,
494 2326 550 2391 sed
561 2326 624 2392 lac·
664 2326 750 2413 ejus,
766 2331 841 2391 verb
864 2326 896 2391 in
919 2324 982 2391 boc
1004 2325 1142 2392 charitas
1156 2325 1216 2391 Dei

86 2423 175 2475 tores
203 2411 276 2500 legis
297 2414 556 2500 justificabuntur.
586 2439 620 2480 v.
665 2411 984 2503 perlectaost.·1bid.
1001 2435 1030 2478 a.
1052 2415 1082 2478 5.

88 2499 142 2563 15.
166 2497 274 2564 Gloria
290 2514 410 2578 autem,
422 2504 625 2578 ethonor,ot
711 2502 740 2569 Ο
764 2524 818 2568 era
834 2503 922 2575 enim
935 2500 1064 2568 illorum
1082 2523 1217 2588 sequuu·
1237 2520 1241 2528 ·

12 2632 13 2647 .
80 2611 147 2677 pax
158 2589 621 2676 omuioperautibouum.o.ro.
668 2604 720 2656 tur
734 2526 816 2657 illos.
830 2591 935 2678 Apoc.
959 2593 1008 2668 ι4.
1033 2591 1082 2655 ιὸ.

126 2677 216 2766 Ergo
232 2677 309 2742 dbm
325 2690 446 2768 tempus
458 2681 625 2756 hahemus,
715 2682 754 2744 Et
785 2679 919 2768 judicati
942 2690 1016 2744 sunt
1038 2678 1158 2743 mortui
1177 2701 1217 2744 cx

15 2797 16 2800 ¹
81 2788 256 2854 operemur
270 2767 401 2834 bouum.
421 2770 493 2837 Gal.
504 2771 535 2835 6.
552 2793 601 2835 ιο.
670 2768 732 2843 bia,
743 2769 941 2856 quaescripta
958 2779 1050 2833 erant
1066 2768 1099 2832 iu
1115 2766 1218 2843 libris,

123 2854 220 2922 Venit
247 2879 311 2921 uox
334 2907 343 2932 ,
370 2859 498 2946 quando
531 2857 625 2923 namo
672 2854 852 2926 sacundlrm
874 2879 971 2950 opera
995 2858 1148 2945 ipsorum.
1163 2853 1218 2924 lt.

83 2955 183 3029 potest
198 2946 337 3032 operari.
356 2946 488 3035 Joonp.
507 2950 539 3026 4.
675 2968 727 3010 no.
751 2967 801 3008 ru.

131 3032 167 3096 lit
183 3033 355 3099 ambuletis
372 3032 468 3126 digne
479 3087 487 3112 ,
497 3035 631 3123 Deoper

91 3121 189 3185 omnia
224 3120 389 3210 placentes
418 3174 427 3198 ,
468 3125 499 3188 in
546 3124 633 3188 omui

15 3227 20 3250 .
93 3230 181 3294 opere
202 3209 290 3276 bono
314 3211 572 3288 fructificantes,
600 3223 633 3276 et

12 3317 17 3330 ·
95 3311 265 3364 crescentes
281 3299 468 3371 in·acieuoiu
483 3300 543 3368 Dei
561 3297 631 3366 Cot.
722 3306 789 3392 ligo
812 3341 856 3354 -
876 3325 1001 3369 merces
1027 3315 1081 3370 tua
1108 3323 1223 3389 magna

15 3401 21 3442 1
103 3405 191 3456 ¹.10.
678 3393 771 3458 nimis
783 3391 885 3477 (uteie
899 3392 1064 3458 Dominus
1077 3388 1227 3455 Abrabae

17 3512 20 3528 .
138 3472 305 3542 Nouenim
319 3476 578 3564 injustualleus,
601 3489 637 3540 ut
679 3479 1017 3570 fideli).Ganaa.15.
1042 3501 1069 3543 1.

14 3602 22 3624 .
98 3557 293 3630 obliviscatur
304 3566 526 3653 operisvostn,
539 3564 638 3652 (labo
724 3567 892 3633 Retribuat
906 3566 985 3632 mihi
1001 3565 1226 3647 Domiuueae-

13 3708 17 3714 ,
64 3653 65 3658 ’
94 3649 635 3743 νὼωίίἱοαεωοανίωιοαωοοριῆ.
681 3655 824 3724 cundum
847 3656 1001 3742 justitiam
1029 3675 1161 3720 meam:
1194 3663 1227 3714 et

92 3735 198 3804 Heba.
213 3742 298 3804 rufi.
683 3743 859 3811 secuudbm
871 3742 1062 3810 munditiam
1074 3762 1228 3807 munuum

137 3824 227 3905 Quid
237 3829 399 3914 proderit,
420 3833 535 3896 iratres
551 3829 640 3906 mci,
684 3855 829 3908 mearum
864 3831 977 3897 reddet
1013 3829 1103 3896 mibi.
1143 3828 1227 3908 Quia

89 3913 114 3978 si
135 3913 239 3980 lidem
254 3918 319 4002 quis
335 3919 421 3986 dicat
436 3941 471 3984 ec
492 3918 613 3984 babere
633 3969 641 3995 ‚
686 3913 1228 3998 custodiviviasDomiui,etnouegl

12 4061 16 4069 .
89 4025 189 4092 opera
206 4016 311 4071 autem
324 4030 390 4073 nou
401 4007 542 4074 babeat?
559 4007 644 4073 Nun·
687 4011 730 4076 im
753 4011 783 4075 ie
797 4010 891 4075 bDeo
902 4028 986 4072 meo.
999 4006 1230 4093 allegor-ar.

88 4091 165 4192 qnid
182 4093 301 4189 poterit
316 4094 531 4163 lideasalvare
547 4095 645 4170 cumi
730 4031 782 4166 lle
802 4094 892 4162 triba
914 4092 1006 4158 luda
1029 4091 1196 4187 reperitur
1211 4130 1231 4163 ³.

674 3085 777 3150 Bonis
823 3082 973 3172 operibus
1009 3106 1062 3152 ecc.
1084 3083 1223 3147 ecaritate

738 3173 836 3263 factio
850 3170 984 3237 debetur·
997 3173 1164 3235 meritum.
