2884 4725
292 288 379 359 luo
880 284 967 353 Ano
1156 292 1195 355 15

77 424 225 471 suonarro
239 424 370 472 suenus
385 424 425 467 ur
441 422 612 469 uoururnns
654 400 686 465 in
701 421 870 467 occursum
885 400 1011 487 cognati
1027 400 1099 479 sui,
1116 400 1196 468 ado-

272 509 427 560 rumora.
655 490 757 563 ravit,
785 501 817 553 et
847 488 1005 555 osculatus
1025 501 1074 555 est
1104 514 1189 559 eum.

120 582 262 669 Cumque
290 576 460 646 'elevasset
502 575 612 643 oeulos
653 578 762 643 Exod.
781 581 830 643 18.
851 604 880 665 7.

76 670 313 758 (Atratum),
342 679 561 757 apparuerunt
582 666 611 731 ei
696 666 844 731 Protinbs
877 668 1000 756 aperuit
1038 666 1194 735 Dominus

72 774 129 825 tres
152 760 209 823 viri
235 770 362 823 stantes.
377 762 479 847 prope
505 778 579 819 eum
600 779 608 820 τ
634 753 762 821 ,oeulos
778 754 931 832 Balaam,
949 769 982 821 et
996 756 1074 821 vidit
1086 758 1195 847 Ange-

70 871 142 935 quos
158 853 231 913 ciam
247 846 398 923 vidisset,
415 844 561 911 cucurrit
576 844 608 909 in
649 842 719 909 lum
742 855 880 909 stantem
895 845 928 909 in
940 845 1009 921 visi,
1028 848 1195 935 evaginato

69 960 230 1003 occursum
253 958 367 1001 eorum
389 932 429 998 de
452 933 534 998 ostio
559 945 609 998 ta·
651 931 782 1020 gladio,
804 932 1009 1019 adoravitque
1027 956 1101 999 eum
1116 959 1195 1024 pro-

67 1023 225 1091 bernaeuli
247 1024 298 1091 sui
316 1073 325 1099 ,
346 1034 380 1087 et
406 1020 550 1087 adoravit
576 1022 609 1087 in
651 1044 710 1085 nus
727 1021 760 1085 in
781 1033 910 1087 terram.
936 1020 1037 1088 Num.
1062 1046 1113 1090 22.
1136 1026 1190 1091 51.

68 1128 189 1179 terram.
205 1114 321 1179 Genea.
345 1113 394 1176 18.
416 1133 445 1175 2.
653 1110 683 1173 V
684 1108 889 1175 idonlosuo
903 1111 934 1175 5.
953 1113 1002 1175 15.

108 1202 337 1288 Veneruntque
354 1199 417 1265 duo
426 1196 539 1287 Angeli
553 1198 597 1265 So
696 1197 843 1284 Cbmque
862 1197 990 1263 abiisset
1003 1222 1103 1288 puer,
1122 1225 1194 1267 sur·
1214 1204 1218 1211 ’

65 1292 187 1356 domam
211 1295 347 1377 vespere
363 1338 373 1365 ‚
396 1286 527 1352 sedente
548 1286 609 1353 Lot
651 1286 732 1351 rexit
747 1286 850 1352 David
860 1286 901 1351 de
913 1286 985 1353 loeo
996 1338 1005 1363 ,
1018 1289 1072 1375 qui
1088 1313 1195 1379 verge-

66 1380 94 1443 in
117 1380 238 1445 foribus
267 1376 416 1445 civitatis.
448 1376 511 1456 Qui
533 1380 608 1441 clim
650 1375 706 1439 bat
717 1374 759 1440 ad
771 1387 974 1449 austrum;et
986 1377 1103 1443 cadens
1115 1403 1193 1467 pro-

65 1468 184 1533 vidisset
208 1490 290 1545 eos,
315 1465 473 1541 surrexit,
497 1476 530 1530 et
553 1464 609 1529 ivit
651 1468 710 1529 nbs
726 1464 758 1529 in
771 1476 907 1539 terram,
922 1464 1064 1533 adorauit
1076 1469 1191 1545 tertio,

65 1557 184 1623 obviarn
205 1556 278 1631 eis,
308 1554 513 1641 adoravitque
530 1576 608 1643 pro-
651 1565 712 1619 etc.
736 1576 764 1617 1.
782 1553 860 1643 Bag.
882 1576 933 1619 20.
949 1556 1003 1632 4ι.
1198 1547 1202 1553 ’

64 1647 156 1711 nbsin
168 1642 490 1719 terram,ete.lbid.
510 1666 559 1729 ¹9·
576 1665 603 1708 1.
695 1641 779 1706 Clun
799 1653 905 1707 autern
926 1642 1054 1707 vidisset
1069 1642 1194 1733 Abignil

105 1730 609 1819 AdoravitAbrabameorbmpo-
650 1728 772 1805 David,
789 1731 965 1807 festinavit,
981 1743 1014 1797 et
1026 1731 1194 1802 deseendit

66 1822 133 1909 pulo
145 1836 249 1889 torrae.
261 1821 357 1898 Ibid,
373 1822 424 1886 25.
441 1843 490 1886 12.
651 1818 691 1883 do
717 1819 826 1896 asino,
853 1832 887 1885 et
915 1819 1053 1908 procidit
1082 1829 1192 1887 eoram

107 1913 143 1977 Et
167 1912 307 1977 serviant
332 1911 393 1975 tibi
417 1908 551 1997 populi,
575 1920 608 1973 et
650 1906 753 1973 David
770 1931 867 1997 super
886 1908 1000 1975 laeiem
1027 1933 1137 1987 suam,
1160 1922 1195 1977 et

68 1997 192 2065 adorent
213 2012 246 2065 ιε
265 1999 371 2065 tribus
390 2022 399 2064 a
417 2009 486 2063 esto
502 1997 607 2062 domi-
651 1996 794 2062 adoravit
809 2021 905 2087 super
919 2010 1055 2075 terram,
1068 2001 1193 2065 etoeoi-

70 2110 124 2151 nus
135 2089 265 2153 iratrum
282 2100 432 2161 tuorum,
450 2098 482 2151 et
498 2087 609 2151 ineur—
650 2085 696 2149 dit
708 2085 749 2150 ad
759 2086 857 2174 pedes
869 2086 948 2173 ojus.
963 2086 1053 2152 ltid.
1071 2090 1123 2153 25.
1136 2090 1188 2154 25.

71 2188 177 2241 ventur
192 2184 265 2243 ante
282 2189 313 2245 te
328 2176 389 2243 lilii
405 2175 516 2241 matris
531 2186 603 2240 tuae.
652 2174 739 2239 Vide
749 2190 779 2239 et
789 2174 879 2241 unt
889 2198 918 2240 2.
935 2198 983 2240 ro.
1003 2198 1030 2241 r.
1045 2177 1124 2267 Bag.
1137 2180 1189 2256 24.

76 2261 161 2325 lbid.
178 2286 227 2348 27·
250 2288 301 2351 29.
650 2286 681 2349 9.
705 2286 733 2329 ε.
756 2265 808 2328 28.
831 2266 881 2342 ι4.
902 2286 932 2329 2.
955 2264 1032 2354 Bag.
1053 2288 1085 2351 9,
1104 2290 1137 2330 v.
1156 2266 1189 2331 6.

122 2349 160 2414 Et
173 2350 237 2438 ipse
249 2352 454 2441 progrediens
467 2351 609 2418 adoravit
651 2354 681 2418 8.
705 2376 732 2417 ε.
759 2375 808 2422 12.
829 2375 880 2418 20.
904 2377 932 2420 ε.
960 2354 1009 2430 14.
1033 2355 1066 2431 4.
1088 2378 1115 2420 ε.
1136 2377 1188 2421 22.

75 2459 194 2524 pronus
208 2439 369 2508 interram
388 2442 503 2530 septies
517 2491 526 2516 ‚
549 2441 607 2506 do·
650 2442 702 2508 55.
718 2465 747 2508 ε.
768 2443 819 2520 24.
836 2463 888 2505 21.

73 2527 297 2615 necappropin
321 2543 406 2596 uarat
416 2532 513 2598 irater
524 2531 603 2618 ejus.
696 2527 808 2609 Qualis
823 2540 872 2593 est
885 2528 987 2593 forma
1003 2528 1096 2614 ejus?
1113 2529 1193 2610 Quae

70 2615 158 2681 leid.
176 2617 229 2681 55.
249 2617 282 2682 5.
330 2617 384 2682 ide
397 2634 465 2686 etv.
486 2645 517 2706 7.
651 2618 694 2684 ait
708 2642 716 2683 :
732 2617 790 2684 Vir
801 2639 898 2682 senex
908 2617 1068 2694 ascendit,
1082 2629 1115 2684 et
1125 2620 1193 2709 ipse

110 2704 306 2794 Vestrosque
336 2707 509 2796 manipulos
544 2708 607 2774 cir·
651 2707 785 2772 amictus
801 2718 849 2771 est
863 2704 971 2793 pallio.
984 2707 1025 2771 Et
1039 2706 1194 2776 intellexit

69 2807 260 2902 eumstantes
272 2794 408 2862 adorare
418 2819 536 2862 meum.
551 2795 604 2863 lt.
653 2793 729 2898 Saiil
742 2794 828 2898 quod
840 2793 970 2860 Samuel
981 2807 1082 2899 esset,
1098 2810 1131 2863 et
1142 2799 1194 2864 in-

70 2883 549 3064 ⁰⁷i÷l‘s'‹s.‘{¹1iu⁶².i'.2⁹}‚.¹l'..p.
576 2972 609 3038 r.
651 2882 1191 3054 tttittttttttltttfttt2¹!

72 3065 147 3124 terrai
167 3059 324 3152 AEgypti,
356 3073 453 3150 atque
475 3063 516 3128 ad
539 3062 609 3149 ejus
696 3059 779 3124 cum
796 3073 903 3126 autem
917 3062 1054 3127 venisset
1075 3063 1117 3128 Mi
1141 3064 1192 3130 hi-

71 3161 174 3214 nntum
195 3151 363 3218 frumenta
385 3149 510 3240 populis
530 3173 609 3216 ven·
651 3148 764 3214 boseth
780 3147 864 3215 tilius
879 3149 1027 3216 Jonatbae
1041 3149 1098 3216 filii
1116 3088 1193 3219 iau!

73 3235 227 3305 debentur.
253 3241 408 3327 Cbmque
424 3240 610 3306 adorassent
651 3238 691 3303 ad
714 3237 841 3313 David,
871 3238 992 3304 corruit
1017 3239 1050 3304 in
1076 3239 1192 3307 faeiem

76 3345 138 3390 eum
149 3327 257 3396 iratres
268 3331 341 3406 sui,
358 3340 419 3398 etc.
433 3328 486 3395 15.
500 3333 554 3408 4ε.
573 3329 605 3393 6.
651 3349 754 3402 suam,
767 3337 800 3391 ει
814 3326 967 3393 adoravit.
981 3327 1132 3419 allego.
1158 3332 1190 3395 6.

116 3412 204 3499 lgitur
220 3419 390 3506 ingressus
415 3429 462 3482 est
489 3416 607 3506 Josepb
696 3415 807 3502 ltbque
826 3420 902 3482 eum
925 3417 1064 3504 ingressa
1083 3417 1196 3484 suisset

82 3493 195 3568 domum
212 3529 334 3584 suam,
363 3505 610 3594 obtuleruntque
651 3502 768 3568 mulier
790 3502 953 3570 Theouitis
977 3503 1018 3568 ad
1047 3504 1191 3594 Regem,

79 3583 108 3646 oi
130 3609 262 3670 munera,
280 3607 434 3661 tenentes
455 3595 489 3662 iu
505 3595 610 3660 mani-
652 3591 767 3658 cecidit
779 3599 887 3658 corbin
898 3616 938 3658 eo
950 3607 1191 3679 superterram,
1284 3624 1290 3634 ¹

75 3672 137 3738 bus
147 3677 205 3742 suis
217 3703 224 3744 ε
236 3696 265 3747 ει
280 3683 502 3750 adoraverunt
514 3683 612 3771 proni
652 3693 684 3746 et
699 3679 861 3757 adoravit,
875 3694 937 3747 etc.
951 3679 1041 3747 Iota.
1065 3687 1114 3762 14.
1135 3687 1166 3762 4.

73 3763 106 3828 in
123 3771 339 3839 terramJbid.
355 3773 412 3851 45.
430 3773 481 3838 26.
697 3771 840 3857 Ingressa
847 3771 1009 3856 estitaque
1016 3770 1194 3838 Bethsabee

115 3851 294 3926 Adorabunt
307 3875 342 3928 te
361 3859 420 3928 filii
437 3859 534 3948 patris
548 3859 606 3925 tui.
652 3857 693 3922 ad
714 3855 832 3947 Regem
852 3860 886 3924 in
905 3857 1115 3934 cubiculum
1138 3883 1194 3928 rex
1228 3895 1238 3905 .

68 3941 158 4007 Itid.
173 3947 227 4031 49.
242 3949 271 4012 8.
287 3949 314 4012 V
315 3949 373 4016 ido
387 3963 420 4014 et
436 3951 488 4014 bo.
509 3949 557 4014 18.
653 3958 760 4011 autern
776 3958 924 4012 senuerat
939 3946 1033 4010 nitriis
1043 3998 1053 4022 ,
1065 3961 1098 4012 et
1113 3949 1194 4018 Abi-

109 4032 176 4114 Qul
199 4035 212 4120 (
223 4034 370 4128 Moyses)
397 4059 541 4126 egressus
563 4049 611 4104 est
653 4058 706 4124 sag
730 4035 903 4106 sunamitis
923 4033 1123 4102 ministrabat
1149 4039 1189 4101 ei.
