2884 4725
331 242 409 309 uon
488 204 492 213 ’
827 206 958 308 '‘Jun
1090 237 1094 244 ’
1159 243 1221 321 ⁵25

93 355 175 419 simo
199 354 329 419 veniens
345 350 487 441 suggillet
504 374 566 417 me.
586 353 637 417 Ait
679 354 711 417 ln
722 349 995 427 sordidohabitu,
1008 363 1041 416 et
1052 352 1224 419 intendatis

92 456 203 509 autem
220 440 542 517 Dominus:Audite,
563 440 638 528 quid
679 443 711 507 in
731 464 826 517 eum,
847 442 901 529 qui
923 439 1052 513 indutus
1074 454 1223 509 estvaste
1305 459 1323 486 s

91 532 193 620 jurlex
223 531 396 620 iniquitatis
422 531 527 597 dicit:
552 530 638 595 Deus
678 530 851 619 praeclara,
875 540 907 595 et
930 530 1071 595 dixeritis
1092 530 1120 595 ei
1141 554 1149 595 τ
1172 530 1222 595 Tu

91 618 639 686 autemnonlacietvindictamelec-
679 619 753 684 sede
768 620 821 685 htc
836 620 919 683 bene
938 641 947 683 ε
966 620 1097 722 pauperi
1113 631 1221 683 autem

91 722 201 775 torum
226 732 355 773 suorum
376 706 581 773 clamantium
598 707 638 772 ad
679 708 790 773 dicatis
805 730 813 771 ε
838 707 949 772 Tasta
968 706 1057 782 tilica
1075 719 1130 771 aut
1145 708 1222 773 sede

89 822 124 861 se
141 797 195 861 die
214 820 252 863 uc
268 808 380 873 nocte,
403 807 435 861 et
455 795 638 884 patientiam
679 798 738 861 sub
754 793 892 861 scabello
914 794 1032 899 pedum
1048 818 1218 860 meorum:

90 885 227 951 habehit
251 886 283 951 in
309 884 396 950 illis?
419 886 498 951 Dico
523 885 637 958 vobis,
679 908 785 951 nonne
797 886 945 972 judicatas
958 884 1042 971 apud
1054 885 1220 973 vosmetip-

89 976 166 1062 qnia
183 975 247 1039 cito
267 974 361 1038 iaciat
378 970 550 1039 vindictam
566 971 638 1037 illo·
679 997 750 1050 sos,
769 986 801 1038 et
817 974 891 1039 lacti
907 974 981 1037 estis
996 972 1119 1058 judiees
1131 973 1219 1060 cogi-

90 1086 176 1127 rum.
195 1061 273 1129 Luc.
298 1064 345 1127 18.
364 1084 392 1125 a.
407 1077 437 1126 at
452 1084 517 1148 seq.
679 1064 835 1128 tationum
847 1061 1049 1150 iniquarum?
1060 1060 1173 1126 Jacob.
1189 1083 1217 1125 a.

142 1149 261 1215 Pilatus
289 1163 424 1231 autem,
456 1150 638 1218 convocatis
681 1172 709 1216 a.
729 1166 838 1237 etseq.
921 1150 924 1153 ’

39 1280 40 1285 1
92 1239 293 1328 principibus
306 1238 639 1314 sacerdotum,etn1a·
705 1310 711 1327 ι
850 1308 858 1324 ,
939 1308 946 1323 ⁸
1062 1308 1071 1325 ο

38 1382 41 1387 .
89 1328 296 1415 gistratibus,
320 1339 351 1391 ct
370 1325 481 1415 plebe,
498 1327 576 1391 dixit
597 1327 637 1391 ad
677 1307 1219 1375 Jamssmwfflmssndmlllw·

38 1454 40 1459 ·
91 1414 188 1480 illos:
208 1412 374 1481 Obtulistis
390 1416 467 1480 mihi
480 1416 567 1481 hunc
583 1416 638 1479 ho
854 1395 1044 1463 VldssDwt·

37 1536 38 1543 ’
92 1506 217 1603 minem,
229 1498 318 1592 quasi
334 1516 526 1568 “mentem
539 1527 638 1593 P⁰P¹¹'
677 1532 791 1598 Iudex
811 1534 965 1599 Ecclesiae
984 1548 1015 1597 et
1036 1505 1223 1598 controver-

36 1656 38 1659 ,
91 1592 180 1698 lum,
203 1604 236 1656 ct
252 1598 329 1657 eece
349 1614 408 1744 epo
426 1616 534 1657 coram
549 1593 637 1698 voluis
721 1622 850 1686 sparum
858 1638 902 1687 m
910 1621 1224 1713 papa‚0g3ubt⁶3aei

35 1714 37 1721 v
91 1694 308 1768 interrogans,
319 1679 375 1745 aul
388 1704 439 1745 am
451 1704 579 1748 causam
592 1706 638 1749 rn-
720 1714 801 1797 eju„

34 1806 37 1839 z
92 1770 190 1835 venio
202 1769 235 1833 in
249 1769 377 1834 homine
393 1771 453 1835 isto
471 1793 509 1835 er
525 1769 589 1846 his,
604 1772 636 1837 in

33 1894 35 1929 ς
87 1858 299 1945 quibuscum
316 1858 481 1925 accusatis.
502 1859 566 1925 Sed
584 1884 637 1925 nc·
719 1862 1226 1953 Moysesdemnnibesraligionis

93 1970 156 2033 que
179 1946 343 2013 Herodes:
363 1970 435 2012 nam
455 1949 559 2013 remisi
582 1972 636 2013 vos
677 1953 910 2018 controversiis
941 1951 1081 2016 llelraeo
1104 1953 1225 2039 populo

91 2036 133 2099 ad
151 2034 261 2109 illum,
280 2048 312 2100 et
327 2042 403 2103 ecce
414 2034 493 2119 nihil
505 2036 636 2125 (lignum
677 2041 844 2129 respondit
860 2065 871 2105 :
889 2055 919 2104 et
937 2041 1010 2105 lieet
1024 2040 1107 2105 alias
1118 2041 1223 2103 mino·

81 2136 197 2190 morte
206 2135 313 2190 actum
322 2126 413 2191 estol.
425 2124 635 2189 Emendatum
677 2150 729 2191 res
736 2127 867 2212 judices
875 2130 1044 2201 statuerit,
1058 2150 1224 2193 stammam

92 2218 169 2300 crgo
182 2211 631 2288 illumtlimittam,ctc.lbial.
679 2230 790 2279 tamen
809 2230 997 2301 potestatem
1030 2216 1095 2280 etti
1120 2238 1225 2281 reser-

95 2302 148 2366 25.
165 2302 213 2366 15.
233 2316 263 2366 ct
277 2325 341 2388 seq.
354 2302 395 2367 at
409 2300 454 2366 illi
473 2302 631 2367 instabant
677 2304 782 2368 canit.
798 2303 907 2368 Emori.
932 2306 980 2368 18.
1006 2304 1055 2368 15.
1070 2318 1175 2392 etseq.

93 2389 226 2454 vocibus
238 2392 361 2478 magnis
376 2390 587 2480 postulantes,
603 2404 637 2456 ut
686 2394 689 2402 ’
721 2391 819 2456 lubet
844 2391 955 2465 Deus,
983 2392 1029 2454 eal
1057 2415 1225 2459 summum

95 2478 350 2566 crucifigeretur,
358 2491 390 2544 et
402 2480 637 2546 invalescebant
677 2480 875 2546 sacerdotem
887 2479 1000 2543 omnia
1008 2480 1139 2565 referri,
1153 2504 1227 2567 qaoe

93 2589 190 2633 voces
205 2591 324 2632 eorum.
351 2569 391 2631 Et
410 2567 527 2633 Pilatus
549 2569 637 2654 adju·
679 2572 716 2632 in
740 2569 859 2658 populo
885 2567 1219 2641 controvertebontur.

93 2656 212 2722 dicavit
228 2655 296 2721 lieri
312 2656 498 2748 petitionem
510 2680 632 2722 corum.
677 2658 773 2724 Deae.
799 2680 848 2742 ¹7·
868 2680 899 2743 9.

88 2771 123 2811 v.
147 2745 200 2809 ss.
221 2761 250 2807 ct
268 2749 318 2823 al.
566 2753 568 2758 '
725 2745 788 2824 Qui
810 2757 918 2810 autem
937 2745 1147 2833 superbierit,
1164 2769 1224 2812 no—

136 2831 245 2898 Nalite
284 2833 427 2920 judicare
451 2833 636 2918 'secundum
679 2827 1221 2926 lensobesliresacerrlotisimperio,

91 2920 227 2996 faciem,
256 2921 311 2987 sed
339 2922 459 3008 justum
482 2919 636 3010 judicium
678 2922 732 3009 qui
753 2946 792 2988 eo
816 2935 960 3011 tempore
981 2923 1140 2988 ministrat
1161 2925 1223 2989 Do

92 3009 245 3098 judicate.
263 3009 363 3074 locta.
385 3033 414 3096 7.
433 3014 483 3088 al.
679 3011 767 3077 mino
788 3012 856 3077 Deo
878 3024 954 3089 tuo,
971 3024 1002 3076 ct
1023 3012 1153 3078 decreto
1167 3013 1222 3100 ju-

137 3097 203 3164 Vos
219 3099 395 3163 secundum
411 3121 539 3178 carnem
555 3099 636 3186 judi·
679 3100 773 3174 dictu
788 3100 943 3165 morietur
958 3101 1055 3165 homo
1072 3100 1142 3176 ille,
1156 3113 1219 3169 etc.

90 3187 173 3252 catis
204 3187 278 3270 (ait
304 3185 457 3274 isaael:
488 3209 546 3276 ego
572 3211 636 3253 non
677 3188 1216 3256 leia.v.12.theltom.15.a.

89 3275 205 3364 judico
219 3297 433 3363 quemquam:
449 3287 480 3340 ct
492 3277 517 3339 si
530 3275 636 3362 judico
723 3279 761 3343 ln
777 3277 954 3344 Jerusalem
966 3301 1093 3368 quoque
1105 3281 1222 3345 consti·

91 3387 166 3450 ego,
178 3363 333 3450 judicium
341 3387 447 3428 meum
456 3387 566 3430 verum
575 3378 634 3430 cst:
678 3366 741 3432 tuit
752 3367 904 3455 Josaphat
921 3366 1065 3443 Levites,
1078 3380 1111 3432 et
1122 3391 1223 3434 sacer·

92 3451 169 3538 quia
183 3451 268 3515 solus
281 3475 344 3516 non
357 3475 440 3528 sum,
455 3453 508 3517 scd
522 3477 592 3542 ego,
606 3467 637 3519 et
680 3454 789 3531 dotes,
806 3468 838 3520 et
857 3457 1016 3544 principes
1030 3455 1223 3522 familiarum

94 3540 152 3627 qui
170 3540 255 3604 misit
273 3564 344 3618 me,
371 3541 472 3606 Pater.
491 3540 580 3607 ibid.
603 3545 633 3610 8.
680 3567 718 3608 cx
740 3543 854 3619 lsraiil,
875 3557 909 3608 ut
925 3545 1082 3632 judicium
1097 3557 1129 3610 et
1144 3567 1222 3610 cau-

100 3629 219 3692 15.16.
617 3641 619 3646 '
680 3655 747 3697 sam
763 3633 891 3700 Domini
907 3633 1086 3720 judicarent
1101 3633 1222 3696 habita-

143 3715 267 3782 Etenim
288 3719 314 3782 si
334 3718 491 3784 introierit
510 3718 541 3784 in
559 3739 638 3783 con·
680 3721 801 3787 toribus
813 3722 892 3810 ejus.
911 3743 939 3786 a.
956 3723 1035 3788 Par.
1056 3745 1104 3807 ¹9·
1121 3723 1152 3783 8.

94 3814 229 3870 ventum
249 3817 388 3872 vestrum
411 3808 477 3882 vir,
505 3829 638 3872 aureum
723 3809 830 3874 Verba
853 3810 1042 3900 sapientium
1063 3809 1145 3872 sicut
1164 3806 1222 3871 sti-

92 3890 251 3958 annulum
273 3894 394 3960 haliens
411 3896 442 3959 in
464 3907 551 3960 veste
565 3918 638 3962 can·
667 3897 777 3973 muli,
800 3910 832 3963 et
853 3900 943 3986 quasi
963 3897 1042 3964 clavi
1066 3896 1098 3958 in
1120 3892 1222 3962 altum

89 3980 465 4060 ‹lidtjintroieritautcm
474 3996 507 4050 et
517 4005 638 4074 pauper
680 3983 798 4063 delixi,
825 4009 895 4072 quae
918 4011 976 4073 per
997 3982 1220 4069 magistrorum
