2884 4725
264 275 327 353 ²4¹
518 260 600 327 Dllll
1066 258 1146 331 Dlill
1231 288 1234 291 “

261 384 404 452 similiter
413 391 459 444 est
471 375 713 462 locutuslquorl
725 381 800 443 clim
840 371 1336 529 polenetnullstelstetcogitrtis.

263 472 400 538 audisset
419 465 595 539 Dominus,
615 466 723 532 iratus
741 480 796 531 est.
865 464 929 527 tic.
948 464 1002 541 ln.
1022 486 1050 527 ι.
1062 484 1091 527 n.

263 560 363 627 Num·
382 576 429 621 rs.
447 576 476 617 s.
886 550 1340 639 Consumetnrnsquitiape‘cor·
1392 564 1394 631 l

304 644 378 709 Scio
393 641 477 706 enim
489 639 695 731 cogitationes
707 642 797 729 ejus,
842 639 1340 727 torum,etdirigesjustnm:srrn·
1393 654 1394 711 l

261 741 330 821 quse
349 726 487 795 lo‘otorns
510 727 549 791 sit
569 726 682 805 hodie,
708 741 800 796 onte·
841 740 911 793 tans
923 727 1018 793 corde
1029 739 1172 805 omenes,
1181 728 1266 794 Deus.
1276 730 1339 793 Ptol.

257 827 353 909 quin
373 814 573 882 introducam
595 818 800 882 euminter-
842 840 872 901 7.
895 839 942 881 ιο.
1012 824 1017 831 ’
1053 832 1057 839 ’

257 931 346 981 rom,
367 926 463 991 quom
483 904 513 967 ei
534 902 694 991 pollicitus
713 920 794 969 sum.
884 903 932 969 D'e
953 901 1035 968 coelo
1054 926 1105 969 res
1128 904 1189 969 exit
1205 903 1341 969 Dominus:

260 994 424 1082 (natoue
432 989 794 1081 dueelopuiturllcus).
840 988 923 1057 vidit·
951 1014 1061 1057 omnes
1129 993 1173 1057 ios
1202 992 1340 1058 hominum.

257 1086 350 1151 Dent.
371 1080 423 1143 δι.
444 1101 496 1145 nr.
840 1081 928 1146 Psal.
948 1080 1001 1145 δι.
1021 1080 1072 1145 15.

302 1152 404 1236 Nolite
417 1165 630 1256 multiplicare
641 1166 727 1255 loqui
744 1192 798 1233 su·
886 1166 979 1233 Oculi
997 1167 1129 1237 Domini
1148 1191 1236 1256 super
1254 1168 1342 1254 justos,

256 1255 385 1331 hlimie,
415 1252 587 1342 gloriantes
605 1280 613 1321 ι
645 1256 797 1322 recedant
838 1266 870 1319 et
883 1277 974 1320 eures
986 1256 1056 1343 ejus
1072 1258 1106 1321 in
1122 1272 1230 1344 preces
1244 1276 1341 1320 eorun:

255 1341 410 1410 vetersde
421 1366 476 1407 ore
488 1356 612 1409 vestro:
626 1344 700 1432 quis
713 1344 798 1410 Deus
839 1342 944 1409 vultus
959 1356 1066 1409 erstem
1083 1345 1211 1410 Domini
1226 1366 1305 1431 super
1315 1343 1346 1407 lr-

254 1432 459 1499 scientiarum
485 1432 641 1498 Dominus
666 1444 737 1509 cst‚
765 1444 798 1498 et
839 1431 958 1497 cientes
973 1430 1067 1498 male.
1087 1432 1231 1499 Putet
1249 1433 1337 1516 16.sp

254 1520 312 1609 ipsi
335 1532 556 1608 praeporentur
577 1522 794 1611 cogitationes.
882 1520 1038 1595 Domine,
1052 1527 1128 1587 ante
1144 1533 1176 1585 te
1191 1542 1275 1585 omne
1288 1518 1346 1583 desi·

257 1633 283 1673 ι.
304 1608 381 1698 lieg.
402 1631 431 1673 n.
451 1608 482 1672 t.
839 1607 963 1673 derium
972 1609 1344 1697 meum:etgemitusneus

296 1695 364 1763 Neo
381 1696 468 1761 ‘uxta
488 1697 638 1761 intuitum
658 1695 798 1762 hominis
839 1704 905 1761 nte
919 1716 984 1761 non
1000 1708 1048 1761 est
1060 1697 1267 1765 absconditus.
1279 1694 1342 1759 Ptol.

251 1806 312 1874 ego
333 1719 466 1871 jnslieo:
488 1782 585 1849 homo
605 1782 691 1847 enim
711 1782 798 1850 ridet
840 1785 893 1870 87.
914 1807 961 1849 ιο.

252 1895 312 1947 eo,
332 1895 403 1957 quse
417 1882 548 1958 perenm
567 1869 723 1935 Dominus
739 1893 798 1936 nu·
883 1871 1018 1937 Posuisti
1026 1871 1210 1960 iniquitates
1217 1870 1342 1937 nostrasin

252 1973 318 2027 tem
333 1959 475 2023 intuetur
492 1979 558 2021 cor.
577 1958 596 2021 1
601 1956 666 2021 tid.
694 1960 742 2023 16.
763 1984 794 2045 7.
839 1971 1013 2049 conspectu
1036 1973 1115 2026 tuo:
1140 1960 1279 2027 saeoulrm
1297 1981 1343 2023 nos

298 2045 414 2112 Omnis
430 2043 625 2109 enimcorda
638 2058 798 2112 scrutatur
839 2060 924 2113 trum
953 2048 986 2112 in
1020 2046 1249 2115 illuminatione
1271 2045 1343 2113 rultlr

253 2135 431 2207 Dominus,
463 2143 496 2195 et
519 2132 679 2197 universes
704 2158 799 2200 men·
839 2136 895 2201 tui.
915 2135 1003 2201 Psal.
1022 2137 1076 2223 89.
1096 2140 1130 2203 8.

254 2224 335 2289 tium
354 2220 563 2309 cogitetiones
584 2220 741 2311 intelligit.
765 2246 792 2288 ι.
884 2222 949 2303 Qui
975 2220 1132 2311 plantavit
1160 2248 1281 2299 curem,
1301 2242 1342 2287 non

252 2313 332 2379 Por.
351 2312 402 2376 28.
418 2332 450 2398 9.
840 2310 969 2378 audiet?
984 2323 1040 2378 out
1054 2314 1111 2402 qni
1127 2312 1218 2380 finxit
1229 2310 1342 2381 oculuu.

299 2397 393 2465 Oculi
410 2396 496 2463 enirn
511 2398 639 2464 Domini
655 2411 797 2467 contem·
840 2423 904 2466 non
920 2401 1128 2468 considerat?
1144 2415 1205 2470 etc
1219 2403 1294 2470 Ptol.
1307 2399 1342 2486 9³·

253 2485 383 2577 plentur
405 2487 583 2552 universam
604 2499 743 2567 terram,
766 2501 798 2556 et
839 2513 870 2577 9.
905 2489 1059 2556 Dominus
1090 2492 1153 2558 scit
1179 2515 1217 2558 oo
1237 2490 1345 2555 itotionet

253 2575 399 2664 praehent
419 2574 636 2661 fortitudinem
652 2575 721 2655 his,
744 2579 798 2665 qni
840 2577 1015 2643 hominum.
1034 2603 1067 2643 v.
1087 2602 1138 2645 ιι.
1156 2581 1203 2643 V·
1253 2576 1342 2664 Meg.

254 2662 352 2729 corde
363 2663 506 2751 perlecto
516 2664 652 2729 credunt
663 2666 695 2730 in
708 2691 793 2732 eum.
839 2669 871 2733 8.
892 2667 944 2754 59.
966 2689 994 2731 s.
1013 2667 1128 2734 Paral.
1149 2669 1180 2733 6.
1199 2669 1249 2734 ὅο.

256 2774 285 2814 s.
305 2750 384 2813 Par.
406 2751 454 2814 ιθ.
473 2774 505 2838 9.
883 2756 988 2831 Ecce,
1017 2754 1173 2833 Domine,
1200 2768 1234 2820 tu
1258 2768 1345 2840 cogno*

192 2873 195 2876 ⁴
298 2835 348 2902 An
367 2859 431 2903 non
448 2837 589 2926 cogitas,
607 2840 694 2929 qnod
712 2840 798 2908 Deus
842 2843 911 2910 visti
927 2843 1052 2918 omniu,
1067 2845 1234 2911 novissima
1248 2855 1275 2908 et
1288 2837 1346 2905 anti·

254 2922 408 2990 excelsior
433 2925 515 2992 coelo
541 2927 607 3002 sit,
642 2939 674 2993 et
703 2952 799 3016 super
839 2953 920 3016 qun:
949 2944 984 2995 tn
1007 2931 1149 2997 formasti
1172 2956 1242 3008 met
1261 2941 1288 2996 et
1306 2949 1345 3015 po

254 3010 417 3079 srsltsmm
457 3014 608 3080 vorticem
645 3015 797 3080 sublime·
839 3018 927 3082 suisti
943 3043 978 3084 su
1002 3043 1038 3085 er
1057 3042 1109 3085 me
1126 3043 1253 3087 monum
1270 3029 1343 3082 tunn
1391 3081 1392 3092 ,

254 3099 329 3167 tur?
345 3111 379 3164 et
399 3099 497 3164 dicis:
515 3101 592 3187 quid
609 3104 695 3168 enim
710 3104 798 3170 novit
838 3105 926 3172 Prot.
947 3129 958 3170 1
987 3109 1017 3172 8.
1037 3109 1067 3172 5.

253 3187 363 3257 Deus?
378 3197 440 3251 ete.
451 3186 515 3250 tot
533 3210 583 3254 ss.
599 3211 647 3254 ιιι.
658 3192 705 3256 ri.
884 3191 1023 3283 Respicit
1035 3197 1190 3263 Dominus
1200 3187 1345 3263 risshoni·

251 3294 254 3299 ’
269 3312 272 3319 .
299 3275 371 3363 lpse
382 3274 468 3339 enim
480 3272 559 3340 lines
572 3277 684 3341 mnndi
696 3278 797 3344 intue·
839 3281 887 3345 nis
898 3331 908 3357 ,
920 3295 955 3348 et
967 3307 1079 3349 omnes
1089 3307 1214 3373 gressus
1224 3284 1285 3372 ejus
1295 3299 1347 3344 cot·

254 3377 329 3429 tur:
348 3373 380 3426 et
400 3362 527 3438 omnia,
549 3386 618 3451 qnae
636 3363 695 3452 suls
715 3365 797 3452 coslo
838 3368 964 3436 siderat.
988 3373 1087 3438 Pron.
1114 3373 1144 3438 5.
1171 3396 1221 3438 ιι.
1243 3367 1347 3434 Veto

254 3461 348 3525 sunt,
364 3449 503 3538 respicit.
521 3449 610 3516 ltin.
632 3453 683 3516 28.
704 3455 756 3533 sl.
837 3456 902 3522 lob
921 3460 969 3538 ¹4·
994 3461 1041 3526 16,
1058 3484 1085 3525 ρ,
1101 3461 1153 3526 51,
1168 3465 1200 3540 4,
1215 3460 1296 3535 254.
1308 3475 1344 3517 rr.

300 3537 413 3603 Nonne
437 3538 504 3626 ipse
527 3537 710 3605 consideret
732 3541 797 3609 vius
882 3545 919 3610 ln
942 3549 1028 3613 omni
1050 3546 1122 3614 loco
1145 3547 1227 3616 oonli
1247 3533 1346 3612 nomn

255 3637 407 3716 meamet
422 3637 555 3691 cunctos
570 3649 693 3714 gressio
708 3651 796 3696 meos
837 3634 1095 3722 contemplantur
1108 3637 1208 3703 bonos
1219 3648 1250 3701 et
1259 3627 1343 3698 melos

255 3713 457 3780 dinumerati
476 3712 566 3778 Isto.
588 3715 640 3780 ὄι.
659 3719 691 3795 l.
709 3717 797 3784 Item
836 3715 1347 3812 ltid215.5.tnssmuserpodin

255 3804 355 3870 ΡΜ).
375 3801 404 3864 5·
425 3822 476 3865 2¹³
837 3817 945 3876 corlm
960 3813 1121 3890 Domino,
1144 3819 1259 3902 quanto
1270 3802 1346 3892 meg'ss

300 3889 504 3977 Respondens
525 3901 632 3955 eutem
649 3890 711 3959 Job
728 3893 795 3960 Do-
836 3899 931 3964 corde
959 3899 1096 3968 liliorum
1123 3895 1301 3969 hominurn?
1320 3913 1343 3954 t·

254 3979 363 4056 mino,
377 3978 478 4043 dixit:
493 3975 567 4044 Scio
578 4028 588 4054 ,
600 3979 674 4065 quis
687 3983 794 4050 omnis
841 4009 888 4051 ιι.
909 3987 941 4049 V
941 3988 994 4054 ide
1008 4011 1035 4054 e.
1056 3993 1107 4069 sl.
1128 4013 1175 4056 rs.
