2884 4725
175 315 217 378 20
426 308 506 373 aar
849 268 856 289 ’
987 308 1067 374 nm

175 423 279 487 buerit
291 422 322 484 in
336 440 477 505 agrosuo
487 467 496 492 ,
507 414 553 480 rel
568 417 711 490 invinari.
801 420 890 488 Fecit
906 434 937 486 et
954 420 1051 486 altare
1066 419 1242 487 holocausti
1257 422 1302 487 de

174 534 233 598 pro
258 510 363 573 damni
387 507 593 571 aestimatione
622 508 714 571 resti·
757 510 848 599 lignis
867 512 967 576 Setim
984 561 993 586 ,
1010 511 1151 598 quinque
1170 511 1302 575 cubito-

173 610 251 662 tuet.
268 596 375 687 Eaeod.
394 617 444 659 22.
461 596 491 659 5.
757 624 827 664 rum
840 624 898 688 per
913 599 1089 687 quadrum,
1103 612 1135 663 et
1151 600 1248 664 trium
1265 601 1300 664 in

219 684 714 773 Siegressusignisinveneritspi·
756 686 932 753 altitudine.
948 687 1037 752 Ibid.
1059 689 1111 752 58.
1133 712 1159 751 r.

174 770 575 859 nas,ctcomprehenderit
586 796 713 839 acervos
800 777 988 843 Oblationes
996 777 1189 864 principum
1215 776 1300 840 duo-

174 864 316 949 liugum,
336 862 400 925 sive
412 872 529 927 stantes
545 874 665 949 segetes
681 862 712 925 in
756 865 862 929 decim
879 864 1027 929 tribuum
1043 865 1081 927 ia
1095 864 1300 927 dedicatimae

174 952 255 1038 agris
279 1002 288 1025 ,
321 950 432 1014 reddet
458 950 635 1026 damnum,
659 951 712 1038 qui
756 952 1302 1036 tabernaculictoltaris:loquitur

174 1040 278 1125 ignem
291 1038 501 1104 succenderit.
516 1040 537 1104 I
540 1038 606 1103 bid.
625 1064 657 1103 v.
678 1039 708 1102 (i.
755 1041 919 1107 Dominus
934 1040 1041 1131 Moysi
1056 1041 1096 1105 dc
1106 1042 1299 1129 propitiato

217 1129 279 1192 Sex
299 1128 388 1191 annis
408 1128 577 1191 seminabis
596 1140 711 1191 terram
755 1132 816 1193 rio.
836 1129 936 1196 Num.
959 1155 988 1216 7.
1001 1154 1062 1218 per
1078 1143 1191 1195 totum.

173 1212 286 1293 tuam,
314 1230 345 1279 et
369 1217 575 1304 congregabis
606 1217 711 1303 fruges
799 1219 884 1282 Emit
909 1224 984 1305 ergb
1009 1218 1111 1283 David
1136 1239 1242 1281 aream
1265 1229 1300 1281 et

172 1307 250 1392 ejus.
277 1305 368 1371 llnno
386 1316 493 1368 autem
513 1305 647 1392 septimo
663 1305 712 1368 di·
755 1306 874 1383 boves‚
898 1306 1018 1395 argenti
1041 1304 1125 1371 siclis
1145 1307 1298 1393 quinqua-

173 1398 276 1459 mittes
293 1418 382 1467 eam,
404 1406 435 1457 ot
452 1394 649 1480 requiescere
664 1394 713 1457 l'a-
755 1395 850 1481 ginta.
875 1397 915 1458 111
936 1394 1103 1459 aedificavit
1130 1394 1174 1459 ibi
1195 1393 1298 1458 David

173 1484 235 1547 cies
246 1534 254 1558 ,
266 1482 478 1547 uteomedant
490 1505 644 1569 pauperes
653 1505 712 1568 po·
755 1483 854 1547 altare
868 1484 1005 1547 Domino
1017 1533 1025 1557 ,
1036 1495 1068 1546 et
1084 1482 1198 1547 obtulit
1209 1482 1297 1547 holo-

171 1572 237 1659 puli
253 1572 299 1636 tui
313 1596 322 1637 :
336 1584 368 1636 et
383 1570 537 1659 quidquid
554 1570 712 1659 reliquum
755 1584 862 1637 causta
878 1584 910 1636 et
924 1571 1082 1660 pacifica:
1097 1584 1128 1635 et
1142 1572 1297 1659 propitia-

171 1662 288 1737 sucrit‚
311 1661 406 1726 edent
427 1660 535 1725 bestiae
556 1661 621 1748 agri
642 1682 650 1722 :
669 1660 711 1723 ita
755 1673 805 1725 tus
816 1673 864 1725 est
874 1660 1030 1725 Dominus
1041 1672 1153 1735 terrae,
1166 1673 1198 1724 et
1209 1659 1297 1725 cobi-

171 1750 267 1814 lacios
283 1751 314 1814 in
323 1750 413 1815 vinei
426 1760 457 1813 et
469 1750 502 1813 in
514 1744 630 1815 oliveto
642 1758 707 1812 tuo.
754 1750 819 1813 bita
831 1761 879 1813 est
890 1746 981 1837 plaga
991 1748 1030 1813 ab
1044 1740 1153 1826 lsrael,
1168 1770 1198 1813 2.
1214 1748 1290 1839 ch.

170 1837 398 1902 1122142520.
423 1860 471 1900 11.
758 1841 810 1917 24.
833 1840 884 1916 24.
907 1838 957 1900 25.

126 1944 130 1951 ·
473 1989 491 2030 o
513 1987 533 2031 A
798 1928 839 1990 Et
850 1924 1017 1991 aedilicavit
1032 1924 1073 1990 de
1085 1922 1242 2013 lapidibus
1253 1922 1295 1989 al·

264 1989 388 2035 mm
412 1990 471 2032 m
495 1988 511 2033 ⁰
535 1990 615 2033 'lm'
755 2026 822 2079 tare
838 2015 869 2079 in
888 2015 1016 2078 nomine
1031 2014 1160 2079 Domini
1180 2014 1295 2079 :fecit-

215 2104 513 2170 lEdilicavitautcm
531 2102 598 2168 Noe'
614 2100 711 2167 altare
777 2126 816 2167 ue
846 2102 1095 2190 aquaeductum,
1118 2103 1208 2190 quasi
1237 2125 1295 2189 per

170 2195 306 2259 Domino
326 2217 335 2257 ε
355 2204 386 2257 et
401 2190 515 2256 tollens
534 2190 573 2254 de
589 2192 711 2257 eunctis
754 2127 832 2255 duas
854 2190 1085 2265 aratiunculas,
1110 2190 1296 2262 incircuitu

170 2283 339 2372 pecoribus
360 2294 391 2346 et
411 2279 593 2345 volucribus
616 2302 712 2345 mun·
754 2278 870 2344 altaris.
892 2280 1016 2370 51125.
1037 2282 1086 2343 18.
1105 2280 1158 2343 52.

169 2374 216 2437 dis
237 2424 246 2448 ‚
271 2371 385 2437 obtulit
408 2369 592 2435 holocausta
617 2393 711 2458 super
797 2368 951 2457 Praecepit
971 2391 1097 2456 quoque
1113 2391 1169 2432 rex
1186 2367 1293 2434 dchaz

169 2461 279 2536 altare,
299 2463 379 2527 Gen.
399 2463 429 2526 8.
447 2482 498 2525 2ο.
756 2458 836 2522 Uriae
849 2456 1026 2532 sacerdoti,
1044 2457 1171 2521 dicens:
1191 2457 1295 2544 Super

222 2551 375 2638 Apparuit
414 2561 519 2612 autem
556 2547 710 2611 Dominus
753 2545 852 2611 altare
864 2547 968 2636 majus
980 2545 1059 2610 oller
1074 2544 1295 2609 holocaustum

168 2639 330 2705 Abraham
343 2638 451 2723 —qui
473 2634 642 2701 aedilicavit
667 2635 709 2700 ibi
752 2637 962 2710 matutinum,
979 2646 1011 2698 et
1023 2633 1216 2699 sacrificium
1228 2657 1295 2698 ves·

168 2719 265 2792 altare
277 2725 437 2799 Domino,
454 2726 508 2812 qui
520 2737 709 2813 apparuerat
752 2725 935 2814 pertinum,
952 2735 984 2786 ct
1004 2721 1225 2787 holocaustum
1242 2745 1294 2786 re-

168 2818 208 2880 ei.
233 2813 323 2880 Ibid.
352 2835 400 2875 12.
428 2835 479 2896 27.
508 2813 594 2878 Vide
608 2815 709 2878 etiam
751 2814 863 2901 gis‚et
876 2810 1067 2876 sacrificium
1080 2811 1168 2899 ejus,
1185 2823 1218 2874 et
1232 2810 1292 2873 bo·

168 2907 247 2970 Gen.
275 2902 325 2966 26.
351 2902 401 2978 24.
424 2900 521 2964 Idem
540 2902 579 2964 de
597 2903 704 2967 Isaac.
751 2901 930 2966 locaustum
945 2898 1083 2963 universi
1099 2896 1208 2988 populi
1225 2911 1292 2964 ter-

166 2993 253 3058 Item
276 2991 356 3056 Gen.
381 2989 433 3052 55.
465 3010 492 3052 1.
517 3003 548 3050 ec
571 3013 600 3072 7.
622 2991 709 3054 Item
751 2986 989 3076 rae,etc.lleg.
1013 2989 1061 3051 rb.
1085 2989 1133 3052 15.

167 3080 276 3148 Exod.
288 3081 339 3157 24.
354 3080 386 3156 4.
397 3076 483 3140 Item
495 3075 594 3138 Joaue
605 3079 635 3138 8.
652 3079 704 3140 50.
795 3072 902 3138 Altare
913 3096 1040 3161 quoque
1050 3099 1174 3140 aeneum
1184 3127 1193 3152 ,
1204 3074 1289 3164 quod

167 3171 253 3235 Item
269 3167 382 3233 dudio.
410 3166 440 3228 o.
472 3165 523 3242 24.
550 3162 646 3226 Item.
678 3187 703 3227 1.
750 3162 921 3226 fabricatus
939 3162 1042 3228 suerat
1062 3163 1226 3241 Beseleel,
1249 3164 1288 3228 li-

167 3259 244 3348 Reg.
269 3260 317 3336 24.
338 3256 390 3320 55.
410 3253 495 3319 Item
513 3274 542 3316 2.
558 3249 635 3340 lieg.
654 3253 703 3330 24.
750 3249 810 3314 lius
824 3249 969 3326 Uri,lilii
984 3252 1071 3328 Hur‚
1088 3253 1132 3317 ibi
1148 3266 1216 3318 erat
1231 3276 1289 3317 co-

169 3350 219 3413 25.
239 3347 325 3411 Item
339 3367 367 3410 2.
383 3343 497 3410 Paral.
517 3344 547 3421 4.
569 3363 595 3403 r.
610 3353 640 3402 et
656 3359 703 3426 ¹0·
749 3345 817 3404 ram
829 3339 1036 3406 tabernaculo
1044 3341 1171 3406 Domini
1184 3341 1288 3429 :quod

167 3437 253 3500 Item
269 3459 295 3500 c.
320 3437 368 3499 15.
392 3456 421 3520 9.
440 3433 527 3512 Item
547 3454 573 3494 1.
592 3427 702 3494 Mact.
748 3441 780 3492 et
802 3429 962 3516 requisivit
981 3428 1150 3504 Salomon,
1167 3441 1199 3494 ct
1218 3453 1288 3495 om-

166 3528 197 3603 4.
217 3527 269 3603 44.
748 3518 796 3582 nis
811 3515 953 3583 ccclesia.
972 3539 1001 3581 2.
1020 3518 1134 3582 Porol.
1158 3543 1185 3582 1.
1205 3520 1235 3582 5.

211 3611 321 3675 Facies
333 3621 365 3672 et
380 3606 479 3672 altaro
494 3603 640 3692 deolignis
653 3603 705 3670 Se·
792 3605 882 3670 Fecit
901 3627 1027 3693 quoque
1046 3605 1145 3671 altare
1165 3631 1289 3672 aeneum

168 3699 242 3774 tim,
259 3695 346 3784 quod
358 3696 488 3759 habebit
500 3695 704 3781 quinquecun
747 3695 858 3782 viginti
872 3695 1052 3759 cubitorum
1064 3691 1288 3782 longitudinis,

167 3787 250 3849 bitos
260 3787 291 3849 in
304 3782 563 3868 longitudino,et
572 3781 704 3848 totidem
747 3783 894 3870 etviginti
903 3783 1084 3848 cubitorum
1093 3781 1286 3861 latitudiuis,

168 3874 199 3938 in
212 3870 395 3943 latitudine,
409 3869 516 3944 idest,
529 3868 704 3955 quadrum,
747 3882 780 3936 et
788 3871 900 3937 decem
908 3871 1091 3936 cubitorum
1099 3869 1283 3938 altitudinis.

169 3975 200 4025 et
226 3973 289 4026 tros
319 3957 444 4024 cubitos
467 3957 499 4023 in
527 3955 701 4026 altitudine.
747 3960 837 4025 Ibid.
851 3963 882 4038 4.
907 3983 932 4024 ι.

171 4051 276 4118 Eeod.
297 4069 347 4136 27.
367 4067 393 4112 1.
793 4048 834 4114 Et
848 4045 983 4114 surrexit
995 4042 1093 4113 losue
1104 4045 1187 4119 lilius
1200 4046 1289 4114 dose-
