2884 4725
290 352 377 423 cos
841 354 928 424 coo
1034 318 1039 335 ’
1127 363 1183 427 ιι.

69 490 121 537 nus
143 469 232 535 Dens
260 466 379 537 lsreils
409 467 462 535 sis
490 466 604 533 dicetis
646 468 764 545 atim,
785 466 904 534 ducens
915 488 973 555 per
984 467 1115 556 ignem:
1135 472 1192 535 aut

67 560 123 647 regi
139 558 248 634 luda,
264 558 319 645 qui
335 557 421 623 misit
434 579 486 622 vos
498 555 539 621 ad
550 578 604 621 me
646 560 700 648 qui
709 556 822 628 ariolos
830 557 1029 634 sciscitetur,
1043 568 1076 622 et
1084 558 1191 624 ohser-

64 646 336 737 interrogandum:
351 646 436 713 Ecce
445 645 603 711 mercitus
645 660 697 714 set
708 645 849 724 somnia,
862 658 956 734 atque
968 646 1116 735 auguria:
1130 670 1192 714 nec

65 735 320 824 l‘lraraonis,qui
332 746 604 825 egressusestvo-
645 736 686 803 sit
703 734 888 811 maleficus,
911 757 972 801 nec
992 735 1192 814 incantator,

65 824 108 891 tis
123 826 155 891 in
176 822 354 901 auxilium,
376 834 553 890 mvertctnr
569 823 603 888 in
647 848 707 893 nac
718 822 940 913 qulpythones
952 822 1118 901 consulat,
1131 846 1194 891 nec

65 926 175 979 ιιπιιιι
206 935 301 979 suem
337 912 370 979 in
520 923 600 976 tum.
646 914 793 989 divinos,
813 924 869 977 sut
887 925 1009 1003 quaerat
1024 918 1042 978 a
1057 912 1193 979 mortula

67 1001 192 1077 liedieut
213 999 377 1077 Chaldaei,
394 1012 427 1067 ct
441 1000 494 1066 bel
508 1001 605 1065 cltum
647 1004 823 1070 veritatem.
838 1003 934 1071 Deos
954 1002 1004 1067 aa.
1020 1024 1052 1089 9.
1069 1024 1118 1068 ιο.
1139 1025 1151 1065 1
1163 1015 1190 1069 ι’.

67 1102 167 1159 contra
187 1091 354 1158 civitatem
369 1088 477 1156 hanc:
498 1099 530 1154 et
551 1108 606 1155 ca·
692 1088 785 1157 Atilii
793 1089 1027 1181 responderunt
1036 1089 1064 1155 ei
1079 1089 1195 1178 (osto

66 1182 146 1285 pient
158 1202 234 1245 eam
248 1230 258 1256 ,
274 1190 307 1244 et
324 1178 522 1245 succendent
536 1186 606 1243 cani
648 1180 708 1245 aias
717 1180 840 1246 scilicet
850 1179 997 1267 nuntii):
1011 1176 1195 1247 Viroccur-

66 1270 168 1359 ignia.
180 1266 602 1355 6.7.VideotZacltar.7.a.
646 1268 689 1337 rit
699 1265 813 1345 nobis,
829 1281 862 1333 ct
878 1266 957 1332 dixit
972 1265 1012 1333 ad
1027 1290 1107 1333 nos:
1125 1266 1193 1343 lte',

102 1358 225 1425 iliam
253 1355 416 1421 Ieremias
438 1354 485 1421 od
506 1378 608 1419 eran·
648 1370 682 1423 ot
706 1357 903 1425 revertimini
925 1356 966 1421 ad
986 1377 1115 1447 regem,
1137 1354 1194 1445 qui

64 1446 137 1513 dem
159 1468 203 1511 oo
230 1442 468 1510 musalmiticam
489 1443 607 1511 Domi-
648 1446 735 1512 misit
752 1468 830 1522 vos,
855 1456 888 1511 ct
909 1445 1020 1513 dicetis
1043 1446 1096 1510 ei:
1118 1444 1196 1511 limo

65 1557 215 1623 compro
229 1532 383 1619 reliquiae
392 1531 605 1607 Jodoeorem,
649 1534 727 1601 dicit
749 1533 922 1600 Dominus:
946 1534 1017 1600 Nun
1042 1534 1098 1598 uid
1120 1534 1195 1621 quia

65 1621 254 1711 nspondot,
268 1623 352 1709 ipsos
362 1622 429 1709 sore
438 1622 564 1694 alvos,
578 1623 608 1685 ιὶ
649 1648 714 1690 non
727 1634 796 1688 erat
806 1624 892 1689 Deus
903 1623 937 1688 in
950 1555 1064 1698 darell,
1076 1622 1194 1700 mittis,

68 1713 102 1774 ia
116 1710 239 1777 Indara
253 1724 433 1775 mmet:
453 1710 609 1775 atacem
649 1724 685 1779 ut
706 1706 892 1779 consulatur
913 1708 1094 1776 Beelzehud
1109 1709 1196 1775 Deus

70 1800 106 1861 ie
124 1799 305 1891 AEgypwm
323 1798 475 1888 litgium)
499 1798 606 1873 dlvii,
651 1801 818 1870 decaron?
841 1798 965 1867 Idcirco
989 1798 1029 1863 de
1053 1796 1195 1875 lectulo,

71 1910 117 1953 eos
142 1908 255 1952 omnes
283 1884 412 1977 gladio,
456 1909 549 1963 oete,
579 1901 610 1951 et
651 1909 746 1979 super
775 1908 871 1979 quem
905 1886 1098 1965 ascendisti,
1130 1910 1197 1953 non
1224 1916 1229 1924 ·

66 1976 349 2063 pommoritoros.
366 1972 424 2041 lt·
449 2024 456 2040 .
476 1998 503 2040 o.
519 1978 573 2054 la.
652 1978 838 2056 descendes,
851 1977 907 2043 scd
918 1990 1022 2043 morte
1037 1976 1193 2047 morieris,

112 2064 150 2129 llt
161 2064 203 2130 ait
218 2061 267 2129 illi
285 2062 471 2130 Abraham:
489 2057 611 2129 habent
651 2070 683 2151 4.
699 2059 778 2158 lleg.
797 2091 824 2144 ι.
843 2068 874 2133 6.
1188 2128 1194 2136 ,

75 2150 197 2239 lloysen
212 2162 247 2217 et
262 2150 462 2241 Prophetas:
480 2151 611 2217 audiant
695 2156 849 2245 Praeccpit
864 2168 971 2221 autem
985 2178 1059 2231 rex,
1074 2164 1111 2218 ut
1122 2140 1198 2218 cod-

78 2236 154 2305 illot.
167 2238 241 2305 Luc.
258 2242 306 2306 re.
323 2262 375 2329 ²9·
652 2257 843 2311 vocarentur
864 2239 974 2323 arioli,
991 2255 1024 2309 et
1038 2242 1144 2332 magi,
1165 2245 1198 2305 o't

653 2332 809 2410 malefici,
826 2344 858 2398 et
875 2330 1037 2408 Chaldaei,
1057 2343 1093 2396 ut
1113 2328 1198 2396 indi-

654 2436 765 2490 carent
778 2422 844 2511 regi
860 2418 1201 2580 (Νιὁιιοὴιιάιιιιοιοιῖ)ι

654 2513 776 2580 somnia
796 2534 863 2576 sua.
885 2510 975 2574 Dan.
1001 2531 1033 2585 a,
1060 2529 1088 2584 ιι,
1116 2575 1119 2580 ,
1152 2509 1160 2524 ‘

654 2597 969 2684 malacim

104 2396 287 2444 tomum
313 2401 375 2446 nott
405 2401 486 2446 sunt·
513 2396 610 2453 nul,

146 2485 263 2542 lmus,
279 2489 335 2532 Vll·
349 2487 611 2542 incantemus,

145 2575 189 2620 lc
202 2571 313 2620 mont.

121 2686 193 2754 Non
201 2685 361 2756 declinetis
371 2689 411 2756 ad
418 2709 541 2787 magos,
554 2709 614 2756 nec

583 2779 591 2794 ·
657 2757 901 2810 cosraurssmo
927 2757 968 2804 ar
993 2753 1201 2806 ιιιιιιτιιιιιι

72 2776 113 2842 eh
131 2776 238 2843 ariolis
255 2776 373 2867 aliquid
389 2778 613 2854 sciscitemini,

72 2878 106 2931 nt
117 2865 305 2954 polluamini
317 2889 374 2958 per
388 2889 461 2933 eos:
476 2887 535 2956 ego
548 2859 615 2932 Do·
863 2847 989 2896 mm·

73 2954 176 3020 minus
195 2955 282 3022 Deus
298 2967 413 3023 vester.
433 2953 537 3022 Leelt.
563 2979 612 3046 ¹9·
701 2953 790 3023 Vidit
853 2951 985 3040 Iacob)
1021 2952 1054 3017 in
1083 2948 1202 3015 somnis

75 3043 128 3108 3¹·
661 3043 821 3132 (cotuemp
871 3041 968 3132 mois)
988 3039 1105 3105 scalam
1120 3047 1203 3103 stan-

118 3129 253 3210 dnima,
269 3154 342 3221 qum
354 3129 561 3200 declinaverit
576 3131 617 3196 ad
659 3144 725 3198 tem
737 3152 832 3221 super
846 3143 985 3207 terram,
1002 3139 1035 3194 et
1046 3149 1202 3194 cacumen

71 3243 197 3312 magos,
215 3234 249 3288 et
265 3219 401 3300 ariolos,
415 3234 448 3288 et
462 3221 616 3288 fornicata
659 3220 742 3288 illius
757 3221 889 3310 tangeris
908 3216 1044 3285 celum:
1067 3213 1203 3305 Angelos

71 3309 165 3377 luerit
183 3333 261 3379 cum
283 3311 347 3388 cis,
369 3331 486 3400 ponam
503 3309 618 3376 sociem
659 3334 702 3401 qu
746 3331 786 3375 ue
799 3307 857 3374 Dcl
870 3306 1077 3373 ascendentes
1090 3315 1123 3369 ct
1136 3303 1204 3370 des·

70 3419 175 3465 meam
193 3411 308 3468 contra
331 3421 423 3477 cam,
447 3411 479 3464 et
501 3394 620 3464 interii·
661 3419 720 3466 cen
744 3394 1205 3486 cntespeream,ctDominum

71 3487 159 3552 ciam
169 3487 256 3554 illam
268 3488 424 3554 demedio
435 3487 545 3578 populi
556 3487 615 3556 sui.
661 3487 805 3554 innixum
813 3485 914 3552 scalae.
921 3485 1001 3550 Gen.
1016 3485 1067 3548 28.
1084 3505 1138 3548 ιιι
1152 3479 1199 3545 15.

71 3573 164 3641 Ibid.
184 3579 287 3642 soli.
436 3639 440 3648 ,
706 3575 867 3642 llaltitavit
892 3572 978 3638 enim
1008 3569 1141 3660 (Isaac)
1173 3565 1207 3632 in

121 3663 260 3743 Quando
273 3667 432 3756 ingressus
448 3665 544 3732 fueris
559 3675 621 3734 ter·
662 3668 747 3742 terra
764 3660 913 3738 australi,
930 3673 963 3726 et
977 3683 1121 3750 egressus
1137 3659 1207 3726 luess

70 3771 272 3840 remquam
284 3755 440 3822 Dominus
449 3755 534 3819 Deus
545 3765 622 3819 tuus
663 3764 713 3819 rat
740 3751 781 3816 ad
806 3750 1026 3817 meditandum
1058 3749 1090 3814 in
1117 3769 1205 3834 agro.

71 3841 166 3905 debit
190 3842 266 3919 tibi,
302 3867 399 3920 case,
431 3865 472 3909 nc
504 3842 622 3908 imitari
663 3839 753 3920 lbld.
775 3844 827 3924 nd.
846 3841 900 3906 65.
1187 3915 1195 3932 ⁶

70 3928 153 3995 velis
199 3929 450 3999 abominationes
495 3930 621 3997 illarum
708 3929 949 4000 Amamissimus
969 3921 1097 3992 Domini
1122 3916 1210 4019 habt:

71 4019 229 4110 gentium.
250 4021 509 4088 Necinveniatur
522 4020 554 4085 in
569 4031 622 4093 te,
665 4019 745 4084 tabit
766 4018 964 4085 confidenter
984 4018 1015 4082 in
1036 4032 1096 4079 cot
1120 4025 1210 4104 quat!

72 4109 130 4199 qui
156 4107 272 4196 lustret
299 4108 402 4178 lilium
421 4133 511 4176 suum
530 4161 539 4188 ,
570 4119 623 4174 aut
666 4109 698 4174 in
714 4107 855 4184 thalamo
872 4111 937 4170 tota
951 4102 1001 4170 dic
1014 4091 1211 4181 morabtur,

1139 4343 1201 4354 .-
