2884 4725
290 332 369 401 rus
876 327 956 412 uns
1167 326 1187 393 s

114 448 246 536 Excepto
270 446 357 535 qued
378 466 509 513 earnem
529 467 602 513 eum
644 461 853 546 quaecumque
868 440 973 507 enimn
989 438 1045 504 tali
1061 462 1094 505 se
1111 438 1188 506 edua

74 536 215 627 sauguine
230 559 294 601 non
310 536 494 605 comedetis.
510 535 531 600 1
533 535 600 601 bid.
645 530 688 595 bo
701 530 981 605 contaminaverit,
997 530 1189 617 praevarica-

73 650 100 713 9·
118 628 147 703 4.
168 626 207 689 Et
232 648 327 691 omne
351 624 439 713 quod
458 638 605 691 moretur
645 620 740 695 tionis
752 642 805 683 rea
819 618 889 683 erit.
911 617 1010 694 Caro,
1033 640 1104 704 quae
1127 614 1188 683 uli-

72 728 99 779 et
119 714 206 791 vivit,
222 715 283 779 erit
306 714 394 779 vobis
415 714 449 779 in
472 713 602 779 cibum:
645 707 721 796 quid
735 706 874 796 tetigerit
888 706 1108 781 immundum,
1121 729 1186 772 non

71 804 151 889 quasi
165 802 249 867 olera
261 803 395 868 virentia
412 801 530 867 tradidi
548 826 604 867 ro·
646 796 858 872 comedetur,
894 796 950 860 sed
976 796 1187 860 comburetur
1252 813 1255 819 ·

70 892 241 957 bisomnia.
266 892 351 956 md.
570 938 576 948 .
647 884 873 975 ignidbimy.
893 886 942 948 18.

111 978 603 1045 Noncomedetisereoerudum
692 971 1188 1060 Quidquidautemruminatqui-

68 1068 156 1155 quid,
178 1090 236 1135 uec
263 1080 395 1135 coetum
422 1072 523 1155 aqud,
547 1065 603 1132 sed
646 1061 738 1138 dem,
760 1071 792 1125 et
819 1060 915 1124 babet
938 1054 1189 1147 ungulam,'sod

69 1169 185 1223 tantum
197 1180 303 1223 assum
315 1155 380 1244 igni
395 1180 404 1221 z
422 1168 518 1243 caput
529 1179 604 1221 cum
646 1173 712 1215 non
736 1148 848 1215 dividit
870 1172 962 1224 eam,
984 1148 1065 1214 sicut
1080 1171 1172 1212 earne

65 1244 191 1333 pedibus
209 1246 299 1331 ejus,
323 1258 356 1310 et
376 1243 528 1311 intestinis
551 1266 605 1310 vo·
647 1238 716 1315 lus,
732 1249 765 1303 et
778 1249 910 1313 caetera,
931 1259 995 1301 non
1015 1236 1188 1302 comedetis

66 1336 177 1401 rabitis.
195 1334 309 1399 Exod.
333 1356 382 1398 ιι.
401 1356 431 1421 9.
646 1324 744 1403 illud,
765 1338 797 1390 et
812 1327 895 1391 inter
914 1324 1077 1390 immunda
1097 1348 1191 1413 repu-

105 1423 232 1513 Septem
246 1423 363 1489 diebus
378 1421 512 1487 vesceris
527 1442 605 1508 azy·
646 1415 763 1481 tabitis.
780 1414 870 1492 leid.
894 1437 943 1479 ιι.
962 1416 993 1492 4.

65 1513 117 1577 mis
134 1526 186 1579 :et
202 1511 237 1575 in
259 1510 314 1577 die
330 1510 464 1599 septimo
480 1509 541 1573 erit
556 1532 605 1573 so-
692 1502 886 1591 Sanguinem
908 1500 1062 1566 universe
1084 1501 1188 1565 curnis

64 1598 201 1669 lrmuitus
228 1600 373 1666 Domini.
400 1597 520 1685 Azymu
553 1618 605 1662 co-
646 1616 711 1657 non
724 1591 910 1665 comedetis,
920 1590 994 1677 quie
1008 1590 1113 1653 enimn
1122 1610 1190 1653 cer-

64 1690 188 1757 medetis
222 1701 350 1779 septem
372 1686 483 1753 diebus
505 1709 513 1750 ι
539 1706 603 1749 ιιοιι
646 1682 695 1747 nis
710 1682 743 1745 in
758 1676 1190 1767 sanguineest:etquicum-
1308 1712 1318 1729 κ

64 1782 223 1867 apparebit
246 1775 336 1867 apud
354 1790 386 1841 te
405 1773 524 1863 aliquid
539 1774 605 1839 ser·
646 1792 708 1857 que
722 1765 1017 1841 comedentium,
1033 1764 1186 1829 interibit.

63 1882 254 1943 mentatum,
272 1865 382 1933 necin
400 1862 605 1929 cunctisiini-
646 1856 882 1943 lttd.r7.14.
1287 1926 1289 1930 ¹

63 1955 117 2021 bus
131 1959 203 2024 tuis.
217 1954 312 2025 ltid.
330 1954 378 2019 15.
394 1952 467 2039 6.7.
692 1944 855 2033 Quidquid
887 1952 993 2007 autem
1024 1939 1187 2005 residuum

103 2044 135 2111 Si
151 2048 211 2115 bos
230 2068 336 2113 cornu
352 2038 544 2131 percusserit
554 2038 604 2103 vi·
645 2033 742 2099 suerit
767 2034 799 2099 in
831 2032 915 2097 diem
938 2030 1190 2117 tertium-igne

63 2155 130 2197 rum
150 2149 204 2201 eut
223 2132 415 2205 mulierem,
433 2140 466 2193 et
485 2125 603 2193 mortui
646 2122 850 2189 comburetis.
881 2120 914 2185 Si
941 2119 1012 2205 quis
1042 2127 1115 2205 post
1137 2116 1190 2181 bi-

62 2222 190 2302 iueriut,
206 2222 367 2312 lapidibus
383 2218 555 2291 obruetur,
571 2226 604 2279 et
646 2210 745 2276 duum
771 2206 946 2276 comederit
968 2230 1007 2270 ex
1034 2228 1088 2281 ea,
1111 2227 1189 2292 pro·

64 2332 130 2376 non
154 2312 363 2379 comedentur
382 2328 495 2375 earnes
510 2304 601 2392 ejus:
667 2298 855 2374 manuscrit,
871 2307 904 2362 ot
919 2294 1090 2384 impietatis
1101 2314 1185 2358 reus.

61 2397 218 2466 uomina.
239 2422 364 2554 popu
393 2395 484 2462 sous
508 2392 603 2460 aas
644 2322 904 2491 isar.19.s.7.
926 2461 929 2464 ⁴

60 2489 227 2554 censerit.
267 2487 297 2552 bi
323 2509 399 2552 .er.
416 2486 468 2549 28.
687 2469 1188 2557 Mortreinumetcaptumbbes-

104 2575 174 2644 Viri
191 2576 295 2643 saneti
312 2573 395 2640 eritis
412 2571 490 2636 mihi
506 2594 514 2636 :
529 2591 602 2637 eer-
645 2567 688 2632 tia
700 2559 956 2634 noncomedent‚
968 2581 1029 2623 nee
1040 2554 1188 2644 polluen-

59 2689 149 2744 uem,
166 2689 240 2756 quae
256 2671 275 2730 a
292 2661 400 2730 bestiis
416 2659 604 2747 ineritprae-
644 2667 697 2720 tur
712 2655 745 2718 in
767 2649 811 2716 eis
817 2676 829 2726 3
852 2672 911 2738 ego
930 2669 1001 2715 sum
1016 2644 1182 2711 Dominus.

59 2767 202 2842 gustate,
233 2777 300 2820 non
328 2747 518 2824 comedetis,
548 2745 604 2812 sed
644 2742 735 2808 leid.
752 2763 803 2806 aa.
824 2741 855 2804 8.

60 2836 599 2932 pro'ieietiscrnibuslbs'drmbr.
689 2829 808 2896 Panem
822 2839 855 2890 et
869 2823 1050 2912 polentam,
1067 2834 1100 2887 et
1116 2819 1185 2910 pul-

100 2869 196 3014 duod
213 2934 241 3000 si
266 2927 455 3000 remanserit
476 2925 517 2992 de
536 2945 603 2990 cer
645 2930 693 2984 tes
701 2940 766 2982 non
779 2913 952 2982 comedetis
966 2935 1006 2978 ex
1020 2922 1126 3015 segete
1136 2933 1184 2974 us

60 3022 146 3090 nibus
165 3020 384 3094 consecratis,
405 3017 471 3082 sive
486 3013 527 3078 de
550 3035 604 3101 pa·
645 3030 708 3162 pue
724 3001 766 3071 ed
777 3003 862 3068 diem
876 3006 939 3088 qud
950 3001 1134 3066 offeretrsex
1148 3019 1185 3063 ea

60 3111 146 3178 nibus
170 3134 275 3202 usque
296 3111 411 3182 mane,
434 3102 603 3170 combures
676 3118 715 3160 eo
730 3106 846 3160 vestro.
865 3089 958 3166 lutet,
976 3088 1028 3153 ab.
1053 3090 1102 3166 ι4.

58 3200 200 3290 reliquias
225 3198 293 3287 igni
317 3220 325 3262 ι
349 3217 416 3261 ιιοιι
435 3189 604 3257 comeden·
692 3183 773 3250 Uvas
784 3191 928 3247 recentes
942 3177 1105 3262 siccasque
1120 3197 1186 3238 nou

58 3299 123 3364 tur,
138 3290 214 3376 quia
231 3283 435 3354 sanctificate
449 3290 532 3346 sunt.
547 3277 598 3345 lb.
645 3270 817 3338 comedent
828 3267 951 3334 eunctis
968 3263 1099 3338 diebus,
1112 3263 1185 3351 qui-

58 3399 107 3464 ²9·
126 3379 181 3458 54.
645 3361 704 3426 bus
731 3384 770 3423 ex
799 3370 872 3422 voto
901 3353 1040 3420 Domino
1072 3373 1181 3416 conse-

97 3465 204 3532 Omne
232 3463 322 3529 enim
342 3457 536 3526 sucrificium
552 3478 603 3520 sa·
645 3460 799 3516 crentur:
816 3439 970 3532 quidquid
986 3463 1025 3504 ex
1038 3439 1129 3504 sinet
1139 3461 1184 3503 es·

53 3553 221 3620 eerdotum
230 3552 305 3642 igne
314 3557 533 3620 consumetur,
543 3565 603 3608 nee
644 3560 677 3604 se
688 3533 843 3626 potestat)
861 3537 919 3597 ursi
931 3531 1022 3618 passfr
1037 3551 1074 3592 us
1097 3523 1185 3590 uead

52 3644 103 3729 qu'
186 3665 221 3708 m
235 3637 387 3706 comedet
402 3657 440 3700 ex
455 3657 503 3698 eo.
522 3631 599 3700 Leo.
645 3627 773 3692 acinum
793 3645 857 3688 ιιοιι
877 3616 1057 3686 comedent.
1114 3635 1182 3680 um.

50 3733 119 3798 6.2
148 3729 263 3796 state
276 3728 380 3794 etium
396 3722 479 3790 ibid.
498 3745 525 3786 e.
550 3744 598 3786 ιο.
644 3718 674 3781 6.
695 3715 725 3780 5.

94 3821 132 3884 Si
153 3818 228 3906 quis
244 3813 449 3882 decernibus
466 3809 601 3874 victimae
688 3803 726 3869 In
741 3798 920 3868 sanctuario
931 3791 1078 3860 comedes
1086 3787 1184 3854 illud:

49 3907 271 3997 pacificorum
302 3903 353 3968 die
374 3895 469 3967 tertio
493 3919 602 3964 eerne-
643 3915 749 3958 mares
763 3875 1185 3968 tantbmedentexeo,quia

50 3998 158 4072 derit,
183 3992 275 4058 irritu
300 3990 355 4056 fiet
377 3985 515 4062 oblatio,
541 4009 602 4050 nee
644 3989 864 4053 consecratum
875 3985 922 4040 est
934 3968 1002 4035 tibi.
1019 3965 1109 4033 Ibid.
1133 3965 1181 4028 18.

49 4082 205 4174 proderit
227 4077 391 4146 offerenti:
409 4076 486 4167 quin
497 4074 602 4168 potiirs
649 4095 696 4137 10.
720 4067 847 4135 Vide‘et
862 4059 944 4126 ibid.
964 4058 1017 4121 50.
1041 4057 1091 4134 ι4.
