2884 4725
223 262 286 331 558
482 262 562 329 LEV
918 280 924 287 '
1034 261 1117 328 an

225 371 763 461 35.Etprimitiasciborumnostro
804 391 907 464 neque
932 394 1030 461 pones
1056 394 1217 437 summam
1232 388 1346 438 coram

223 486 295 529 rum
306 512 315 539 ,
328 474 361 527 et
368 460 554 527 libaminum
563 476 760 539 nostrorum,
805 488 878 532 cum
895 461 968 527 filiis
977 459 1075 526 Israel
1093 485 1102 525 :
1121 460 1180 525 sed
1192 463 1353 525 constitue

224 564 256 618 et
271 574 367 641 poma
380 550 481 615 onmis
492 548 568 638 ligni
580 552 763 627 ,vindemiae
804 578 858 620 eos
880 575 975 640 super
992 548 1244 614 tabernaculum
1261 552 1354 613 testi-

223 663 368 729 quoque,
386 652 419 703 et
445 637 505 705 olei
525 638 691 705 afferemus
711 664 758 705 sa·
804 642 920 715 monii,
937 652 969 703 et
985 650 1102 703 cuncta
1122 660 1199 703 vasa
1214 638 1304 723 ejus,
1321 650 1355 701 et

224 728 408 795 nordotibus
441 728 473 792 in
503 728 763 818 gazophylacium
805 730 881 817 quid
905 727 1010 792 uidnd
1031 727 1237 791 ceremonias
1252 728 1354 812 perti-

224 818 284 885 Dei
295 817 410 892 nostri,
424 828 454 880 ot
470 815 625 882 decimam
640 831 764 905 partem
805 832 870 883 net.
883 753 955 905 lpsi
970 816 1148 904 portabunt
1161 814 1353 879 tabernacu-

225 920 317 973 tsrrae
329 918 442 971 nostrae
455 904 579 970 Levitis.
600 907 663 995 lpsi
677 906 765 973 Levi·
806 906 892 981 lum,
909 918 941 970 et
958 905 1064 969 omnia
1085 902 1237 968 utensilia
1260 904 1351 989 ejus:

225 1008 265 1061 oa
281 996 419 1061 decimas
434 995 592 1082 accipient
604 1019 643 1061 ox
657 996 763 1061 omni·-
805 1008 838 1061 et
855 1006 949 1059 erunt
970 994 1003 1057 in
1021 993 1222 1067 ministerio,
1246 1004 1281 1055 et
1299 1016 1354 1079 par

224 1086 286 1149 bus
302 1082 479 1149 civitatibus
491 1107 623 1172 operum
637 1096 764 1149 nostro-
805 1106 920 1173 gyrum
946 1080 1145 1147 tabernaculi
1177 1080 1354 1145 metabun-

225 1196 308 1239 rum.
322 1196 355 1236 υ.
372 1171 423 1257 57.
447 1172 534 1237 Vide
547 1187 577 1235 et
591 1196 704 1237 versos
721 1192 764 1239 se
806 1185 868 1238 tur.
890 1171 991 1237 Num.
1017 1194 1042 1234 ι.
1061 1174 1115 1255 49.
1137 1170 1194 1233 bo.

225 1258 503 1349 quamtum.
524 1262 572 1325 rb.
596 1284 644 1325 ro.
833 1258 1353 1327 Levtsaetnutomacutimino-

269 1348 306 1413 ln
323 1352 388 1411 total
409 1348 513 1413 animi
529 1356 581 1413 tua
605 1349 681 1413 time
699 1348 765 1414 Do·-
807 1352 927 1415 terium
941 1347 1099 1434 assumpti
1107 1361 1350 1419 numerantur,

225 1438 365 1513 minum,
401 1447 432 1501 et
472 1437 651 1503 sacerdotes
673 1436 765 1504 illius
806 1461 882 1503 num
895 1437 963 1501 suis
974 1433 1350 1522 principibusetmim}

225 1524 399 1593 sanctifica.
420 1524 456 1589 In
477 1527 564 1591 omni
582 1526 699 1591 virtute
711 1530 765 1590 tub
807 1528 916 1599 seriis,
932 1541 963 1589 et
975 1526 1041 1588 bren
1049 1524 1352 1613 primogenitorum

225 1614 320 1702 dilige
336 1616 502 1702 eum,·qui
519 1628 548 1680 te
561 1616 697 1691 recinet
707 1615 766 1679 mi·
806 1616 913 1680 lerant
933 1612 1157 1701 suscipiuntur
1180 1634 1193 1676 .·
1223 1612 1351 1695 reliqua

224 1705 339 1769 nistros
348 1702 468 1789 ejusne
480 1702 689 1791 derelinquas.
699 1704 767 1768 Ho·
804 1702 1213 1793 prinwgenitanomerum
1222 1699 1352 1764 lasa-

224 1792 553 1857 noraDeumoxtotsl
570 1794 765 1867 animatust,
805 1816 884 1857 rum
908 1789 1115 1862 madenia,
1129 1790 1238 1941 prasio
1266 1787 1349 1851 rodi·

224 1893 257 1945 et
269 1880 445 1945 honorifica
461 1880 765 1947 sacerdotes—Da
807 1896 955 1945 mansur.
976 1877 1108 1942 ltine.
1152 1924 1160 1941 .

224 1967 286 2035 illis
329 1980 448 2043 artem,
476 1970 558 2034 sicut
578 1968 765 2033 mandatum
851 1969 1053 2053 Locutusqno
1064 1978 1112 2029 est
1135 1964 1290 2029 Dominus
1308 1963 1350 2027 ad

224 1994 354 2137 esttibi,
367 2056 598 2145 primitiarum,
611 2069 767 2146 etpurga-
807 2057 938 2145 llloysen
952 2068 985 2120 et
1001 2055 1126 2131 Aaron,
1140 2053 1256 2117 dicens:
1267 2051 1351 2115 Tol-

225 2148 339 2224 tionis,
370 2159 430 2211 etc.
456 2146 561 2213 Eccli.
594 2171 624 2232 7.
654 2147 707 2211 bi.
736 2162 767 2210 ct
807 2145 837 2210 le
854 2168 1010 2210 summam
1025 2142 1166 2207 [iliorum
1186 2141 1288 2205 (laath
1305 2140 1353 2205 do

224 2259 287 2322 seq.
807 2230 1352 2335 medioLevitarnmpa-rslomosat

172 2368 173 2374 κ
268 2324 676 2392 Divisioterroesunotoein
685 2322 768 2388 duo-
807 2322 942 2390 familias
957 2327 1076 2397 suam
1092 2332 1133 2385 tri
1235 2341 1350 2384 nanno

225 2415 332 2480 decim
340 2415 468 2480 tribus:
485 2414 543 2480 ubi
564 2415 632 2480 sint
649 2413 768 2501 primi·
807 2424 839 2478 et
856 2419 971 2500 supra,
988 2415 1089 2498 usqub
1103 2342 1351 2510 affiqmga

226 2507 299 2580 tice,
328 2520 359 2570 et
387 2504 648 2570 sanctuarium:
682 2502 768 2566 toan
807 2502 924 2568 simum
936 2499 1230 2572 annum,omnium
1240 2500 1348 2585 quirn-

225 2593 432 2660 merdosum
470 2609 501 2656 et
534 2590 727 2658 Leuitarum
753 2613 765 2654 .·
807 2590 1013 2679 grediumur,
1026 2587 1349 2661 utstent,etminis-

225 2703 383 2746 mensura
406 2681 552 2748 civitatis
577 2681 616 2746 in
640 2678 768 2767 quadro
808 2691 893 2744 trent
917 2679 950 2744 in
979 2674 1183 2742 tabernaculo
1200 2674 1341 2740 sederis.

226 2791 302 2830 cnm
342 2767 541 2832 suburbanis
570 2791 581 2832 :
616 2768 769 2856 possessio
807 2768 946 2845 [bubb.
971 2790 997 2831 1.

223 2855 410 2944 principis,
435 2869 492 2919 stc.
512 2855 628 2922 Ezecb.
644 2880 671 2920 o.
690 2858 743 2935 48.
853 2852 1056 2921 Candelabri
1080 2853 1110 2918 'et
1130 2853 1342 2915 [comarum

808 2946 935 3010 situsnc
945 2946 1069 3031 forma,
1079 2957 1209 3025 oeusqoe
1219 2953 1250 3001 et
1260 2961 1345 3002 con-

319 3075 326 3090 .
358 3075 365 3090 .
402 2983 594 3090 va‘mm
640 3075 648 3092 .
808 3034 945 3098 sacratio
959 3030 1160 3096 levitarum.
1173 3025 1260 3092 ibid.
1272 3051 1302 3092 c.
1312 3030 1346 3093 8.

276 3091 501 3140 ministerium
515 3091 546 3140 ot
559 3075 715 3165 offlectam.
809 3121 895 3187 Vide
907 3121 1005 3185 lom
1021 3120 1040 3184 ὅ
1065 3120 1100 3184 5.

272 3210 357 3274 Dixit
383 3232 509 3296 quoque
525 3210 694 3278 ,Dominus
728 3208 768 3275 ad
851 3208 1163 3297 DixitqueDominus
1175 3203 1347 3270 adinton:

228 3297 354 3366 Aaron:
374 3299 491 3367 Vinum
509 3312 542 3365 et
563 3321 659 3364 omne
681 3297 768 3385 quod
808 3335 851 3346 -
866 3298 973 3364 Sedet
988 3297 1099 3362 iratres
1117 3308 1189 3359 tuos
1209 3293 1247 3358 «te
1261 3293 1346 3357 tribu

227 3386 385 3453 inebriare
397 3401 517 3476 potest,
531 3411 595 3452 non
609 3386 725 3452 bibetis
733 3399 768 3452 tu
809 3385 901 3462 Levi,
915 3399 947 3451 et
958 3397 1119 3474 sceptrum
1130 3383 1284 3472 patristui
1293 3406 1348 3446 su·

227 3489 260 3545 ct
276 3474 333 3540 filii
345 3477 411 3554 tui,
425 3477 552 3565 quando
564 3475 720 3542 intrabitis
734 3476 767 3541 in
807 3498 859 3541 me
877 3487 1002 3550 tecum,
1023 3479 1203 3561 proestbqne
1218 3473 1300 3546 sint,
1317 3485 1347 3534 et

229 3565 470 3631 tabernaculum
498 3566 688 3642 testimonib
727 3588 768 3630 ne
808 3560 987 3630 ministrent
1008 3562 1066 3626 tihi
1092 3584 1101 3626 ε
1125 3574 1163 3626 tn
1185 3573 1296 3626 autem
1320 3571 1350 3623 et

228 3655 428 3720 morinmini:
443 3655 514 3743 quio
527 3667 767 3743 praeceptum—
807 3652 864 3718 filii
881 3653 927 3718 tui
946 3651 1165 3717 ministrabitis
1190 3650 1225 3714 in
1249 3650 1349 3714 taber-

227 3744 316 3809 estin
324 3744 675 3831 generationosvestras.
688 3741 763 3808 Leo.
808 3740 925 3808 noculo
935 3740 1118 3806 testimonii.
1133 3738 1156 3803 I
1158 3737 1227 3802 bid.
1248 3741 1299 3802 18.
1323 3762 1345 3800 1.

233 3856 281 3898 ro.
298 3836 330 3899 8.
348 3832 433 3898 Vide
447 3833 541 3900 Dent.
566 3856 614 3898 io.
642 3835 672 3898 8.
690 3832 763 3898 Jos.
807 3829 892 3897 Solis
907 3829 979 3896 siliis
998 3829 1073 3894 Levi
1088 3826 1169 3894 mihi
1189 3827 1225 3892 in
1243 3828 1342 3891 taber

227 3921 258 3986 ὅ.
274 3923 305 3986 6.
807 3917 923 3986 nacnlo
936 3916 1162 3991 servientibus,
1176 3927 1211 3981 et
1226 3929 1339 4006 portae

271 4010 404 4078 Tribum
420 4009 566 4078 Levinoli
579 4033 766 4086 numerare,
807 4009 893 4077 tibus
915 4019 1045 4098 peccota
1076 4003 1189 4093 populi
1215 4029 1224 4070 ε
1251 4003 1337 4092 lepi-
