<?xml version="1.0" encoding="UTF-8"?>
<!DOCTYPE html PUBLIC "-//W3C//DTD XHTML 1.0 Transitional//EN"
    "http://www.w3.org/TR/xhtml1/DTD/xhtml1-transitional.dtd">
<html xmlns="http://www.w3.org/1999/xhtml" xml:lang="en" lang="en">
 <head>
  <title>
</title>
<meta http-equiv="Content-Type" content="text/html;charset=utf-8" />
  <meta name='ocr-system' content='tesseract 3.04.00' />
  <meta name='ocr-capabilities' content='ocr_page ocr_carea ocr_par ocr_line ocrx_word'/>
</head>
<body>
  <div class='ocr_page' id='page_1' title='image "./thesaurusbiblic00merzgoog_0332.png"; bbox 0 0 2884 4725; ppageno 0'>
   <div class='ocr_carea' id='block_1_1' title="bbox 220 331 1129 404">
    <p class='ocr_par' dir='ltr' id='par_1_1' title="bbox 220 331 1129 404">
     <span class='ocr_line' id='line_1_1' title="bbox 220 331 1129 404; baseline -0.003 -1"><span class='ocrx_word' id='word_1_1' title='bbox 220 339 284 404; x_wconf 71' lang='lat' dir='ltr'>tta</span> <span class='ocrx_word' id='word_1_2' title='bbox 482 331 566 404; x_wconf 76' lang='lat' dir='ltr'>EVA</span> <span class='ocrx_word' id='word_1_3' title='bbox 1044 333 1129 400; x_wconf 68' lang='lat' dir='ltr'>tva</span> 
     </span>
    </p>
   </div>
   <div class='ocr_carea' id='block_1_2' title="bbox 219 441 1344 695">
    <p class='ocr_par' dir='ltr' id='par_1_2' title="bbox 219 441 1344 695">
     <span class='ocr_line' id='line_1_2' title="bbox 219 441 1344 602; baseline -0.005 -84"><span class='ocrx_word' id='word_1_4' title='bbox 219 465 270 528; x_wconf 89' lang='lat' dir='ltr'>te,</span> <span class='ocrx_word' id='word_1_5' title='bbox 290 451 371 518; x_wconf 86' lang='lat' dir='ltr'>ibis:</span> <span class='ocrx_word' id='word_1_6' title='bbox 393 459 424 514; x_wconf 90' lang='lat' dir='ltr'>et</span> <span class='ocrx_word' id='word_1_7' title='bbox 444 449 590 514; x_wconf 86' lang='lat' dir='ltr'>universa</span> <span class='ocrx_word' id='word_1_8' title='bbox 610 471 764 538; x_wconf 86' lang='lat' dir='ltr'>quaeeun-</span> <span class='ocrx_word' id='word_1_9' title='bbox 806 445 936 602; x_wconf 71' lang='lat' dir='ltr'>paidom</span> <span class='ocrx_word' id='word_1_10' title='bbox 960 441 1105 512; x_wconf 79' lang='lat' dir='ltr'>auditum</span> <span class='ocrx_word' id='word_1_11' title='bbox 1127 458 1287 520; x_wconf 76' lang='lat' dir='ltr'>avertent,</span> <span class='ocrx_word' id='word_1_12' title='bbox 1307 449 1344 512; x_wconf 79' lang='lat' dir='ltr'>avl</span> 
     </span>
     <span class='ocr_line' id='line_1_3' title="bbox 219 535 1341 695; baseline -0.004 -89"><span class='ocrx_word' id='word_1_13' title='bbox 219 565 282 695; x_wconf 68' lang='lat' dir='ltr'>pue</span> <span class='ocrx_word' id='word_1_14' title='bbox 304 539 494 604; x_wconf 85' lang='lat' dir='ltr'>mandavero</span> <span class='ocrx_word' id='word_1_15' title='bbox 510 538 585 614; x_wconf 86' lang='lat' dir='ltr'>tibi,</span> <span class='ocrx_word' id='word_1_16' title='bbox 607 537 759 627; x_wconf 89' lang='lat' dir='ltr'>loqueris.</span> <span class='ocrx_word' id='word_1_17' title='bbox 820 535 930 602; x_wconf 85' lang='lat' dir='ltr'>abulas</span> <span class='ocrx_word' id='word_1_18' title='bbox 967 547 1076 602; x_wconf 84' lang='lat' dir='ltr'>autem</span> <span class='ocrx_word' id='word_1_19' title='bbox 1112 549 1341 602; x_wconf 73' lang='lat' dir='ltr'><strong>convertentur.</strong></span> 
     </span>
    </p>
   </div>
   <div class='ocr_carea' id='block_1_3' title="bbox 219 617 1405 1136">
    <p class='ocr_par' dir='ltr' id='par_1_3' title="bbox 219 617 1405 1136">
     <span class='ocr_line' id='line_1_4' title="bbox 244 617 1346 714; baseline -0.004 -20"><span class='ocrx_word' id='word_1_20' title='bbox 244 651 340 694; x_wconf 79' lang='lat' dir='ltr'>erem.</span> <span class='ocrx_word' id='word_1_21' title='bbox 364 653 391 693; x_wconf 87' lang='grc' dir='ltr'>ι.</span> <span class='ocrx_word' id='word_1_22' title='bbox 416 653 445 714; x_wconf 89' lang='lat'>7.</span> <span class='ocrx_word' id='word_1_23' title='bbox 472 629 556 694; x_wconf 78' lang='lat' dir='ltr'>Eece</span> <span class='ocrx_word' id='word_1_24' title='bbox 572 627 646 693; x_wconf 89' lang='lat' dir='ltr'>dedi</span> <span class='ocrx_word' id='word_1_25' title='bbox 666 629 763 694; x_wconf 87' lang='lat' dir='ltr'>verba</span> <span class='ocrx_word' id='word_1_26' title='bbox 808 650 838 692; x_wconf 75' lang='lat' dir='ltr'>a.</span> <span class='ocrx_word' id='word_1_27' title='bbox 872 625 960 692; x_wconf 71' lang='lat' dir='ltr'>Tim.</span> <span class='ocrx_word' id='word_1_28' title='bbox 986 627 1019 704; x_wconf 98' lang='grc'>4.</span> <span class='ocrx_word' id='word_1_29' title='bbox 1048 648 1078 690; x_wconf 82' lang='lat' dir='ltr'>a.</span> <span class='ocrx_word' id='word_1_30' title='bbox 1106 625 1188 706; x_wconf 65' lang='grc'>54</span> <span class='ocrx_word' id='word_1_31' title='bbox 1214 617 1263 690; x_wconf 87' lang='lat' dir='ltr'>Tu</span> <span class='ocrx_word' id='word_1_32' title='bbox 1277 633 1346 690; x_wconf 77' lang='lat' dir='ltr'>vero</span> 
     </span>
     <span class='ocr_line' id='line_1_5' title="bbox 219 713 1348 805; baseline -0.004 -20"><span class='ocrx_word' id='word_1_33' title='bbox 219 737 290 786; x_wconf 86' lang='lat' dir='ltr'>mea</span> <span class='ocrx_word' id='word_1_34' title='bbox 306 718 339 781; x_wconf 93' lang='lat' dir='ltr'>in</span> <span class='ocrx_word' id='word_1_35' title='bbox 355 740 410 782; x_wconf 93' lang='lat' dir='ltr'>ore</span> <span class='ocrx_word' id='word_1_36' title='bbox 422 729 488 782; x_wconf 88' lang='lat' dir='ltr'>tuo.</span> <span class='ocrx_word' id='word_1_37' title='bbox 503 742 536 782; x_wconf 87' lang='lat' dir='ltr'>o.</span> <span class='ocrx_word' id='word_1_38' title='bbox 550 741 581 805; x_wconf 79' lang='lat'>9.</span> <span class='ocrx_word' id='word_1_39' title='bbox 648 769 650 774; x_wconf 86' lang='lat'><em>.</em></span> <span class='ocrx_word' id='word_1_40' title='bbox 806 713 913 804; x_wconf 74' lang='lat' dir='ltr'>vigila,</span> <span class='ocrx_word' id='word_1_41' title='bbox 930 715 963 780; x_wconf 92' lang='lat' dir='ltr'>in</span> <span class='ocrx_word' id='word_1_42' title='bbox 975 715 1124 780; x_wconf 88' lang='lat' dir='ltr'>omnibus</span> <span class='ocrx_word' id='word_1_43' title='bbox 1136 713 1262 790; x_wconf 86' lang='lat' dir='ltr'>labora,</span> <span class='ocrx_word' id='word_1_44' title='bbox 1274 739 1348 802; x_wconf 81' lang='lat' dir='ltr'>opus</span> 
     </span>
     <span class='ocr_line' id='line_1_6' title="bbox 272 801 1348 895; baseline -0.002 -25"><span class='ocrx_word' id='word_1_45' title='bbox 272 807 391 870; x_wconf 86' lang='lat' dir='ltr'>Euntes</span> <span class='ocrx_word' id='word_1_46' title='bbox 425 817 532 872; x_wconf 87' lang='lat' dir='ltr'>autem</span> <span class='ocrx_word' id='word_1_47' title='bbox 561 803 762 895; x_wconf 74' lang='lat' dir='ltr'>praedicate,</span> <span class='ocrx_word' id='word_1_48' title='bbox 806 805 857 870; x_wconf 86' lang='lat' dir='ltr'>lae</span> <span class='ocrx_word' id='word_1_49' title='bbox 880 805 967 870; x_wconf 82' lang='lat' dir='ltr'>Evan</span> <span class='ocrx_word' id='word_1_50' title='bbox 990 801 1115 879; x_wconf 86' lang='lat' dir='ltr'>elistae,</span> <span class='ocrx_word' id='word_1_51' title='bbox 1142 803 1348 869; x_wconf 82' lang='lat' dir='ltr'>ministerium</span> 
     </span>
     <span class='ocr_line' id='line_1_7' title="bbox 219 827 1405 984; baseline -0.003 -24"><span class='ocrx_word' id='word_1_52' title='bbox 219 895 377 961; x_wconf 84' lang='lat' dir='ltr'>dieentes:</span> <span class='ocrx_word' id='word_1_53' title='bbox 399 895 482 975; x_wconf 86' lang='lat' dir='ltr'>Quia</span> <span class='ocrx_word' id='word_1_54' title='bbox 499 894 764 984; x_wconf 77' lang='lat' dir='ltr'>appropinquavit</span> <span class='ocrx_word' id='word_1_55' title='bbox 806 903 897 958; x_wconf 90' lang='lat' dir='ltr'>tuum</span> <span class='ocrx_word' id='word_1_56' title='bbox 911 827 1018 981; x_wconf 64' lang='lat' dir='ltr'>impie.</span> <span class='ocrx_word' id='word_1_57' title='bbox 1032 891 1257 958; x_wconf 88' lang='lat' dir='ltr'>Sobriusesto.</span> <span class='ocrx_word' id='word_1_58' title='bbox 1270 919 1303 957; x_wconf 83' lang='lat' dir='ltr'>o.</span> <span class='ocrx_word' id='word_1_59' title='bbox 1317 891 1345 956; x_wconf 81' lang='lat'>5.</span> <span class='ocrx_word' id='word_1_60' title='bbox 1404 964 1405 973; x_wconf 17' lang='lat'>¹</span> 
     </span>
     <span class='ocr_line' id='line_1_8' title="bbox 220 981 1349 1136; baseline -0.003 -87"><span class='ocrx_word' id='word_1_61' title='bbox 220 983 523 1072; x_wconf 78' lang='lat' dir='ltr'>regnumcoelorum.</span> <span class='ocrx_word' id='word_1_62' title='bbox 534 983 655 1052; x_wconf 78' lang='lat' dir='ltr'>Mettis.</span> <span class='ocrx_word' id='word_1_63' title='bbox 670 1007 718 1050; x_wconf 85' lang='lat' dir='ltr'>ro.</span> <span class='ocrx_word' id='word_1_64' title='bbox 730 1009 759 1072; x_wconf 88' lang='lat'>7.</span> <span class='ocrx_word' id='word_1_65' title='bbox 850 981 900 1046; x_wconf 90' lang='lat' dir='ltr'>Tu</span> <span class='ocrx_word' id='word_1_66' title='bbox 916 992 1025 1047; x_wconf 90' lang='lat' dir='ltr'>autem</span> <span class='ocrx_word' id='word_1_67' title='bbox 1041 981 1192 1068; x_wconf 89' lang='lat' dir='ltr'>loquere,</span> <span class='ocrx_word' id='word_1_68' title='bbox 1210 1004 1281 1136; x_wconf 59' lang='lat' dir='ltr'>puae</span> <span class='ocrx_word' id='word_1_69' title='bbox 1295 981 1349 1046; x_wconf 88' lang='lat' dir='ltr'>de-</span> 
     </span>
    </p>
   </div>
   <div class='ocr_carea' id='block_1_4' title="bbox 213 1070 1405 4199">
    <p class='ocr_par' dir='ltr' id='par_1_4' title="bbox 213 1070 1405 4199">
     <span class='ocr_line' id='line_1_9' title="bbox 264 1070 1346 1139; baseline -0.002 -2"><span class='ocrx_word' id='word_1_70' title='bbox 264 1073 340 1138; x_wconf 76' lang='lat' dir='ltr'>ldet</span> <span class='ocrx_word' id='word_1_71' title='bbox 355 1073 459 1137; x_wconf 90' lang='lat' dir='ltr'>omnis</span> <span class='ocrx_word' id='word_1_72' title='bbox 478 1073 583 1138; x_wconf 82' lang='lat' dir='ltr'>sariba</span> <span class='ocrx_word' id='word_1_73' title='bbox 599 1073 713 1139; x_wconf 89' lang='lat' dir='ltr'>doetus</span> <span class='ocrx_word' id='word_1_74' title='bbox 730 1073 763 1138; x_wconf 90' lang='lat' dir='ltr'>in</span> <span class='ocrx_word' id='word_1_75' title='bbox 805 1070 1197 1138; x_wconf 78' lang='lat' dir='ltr'>eentsanamdoetrinam.</span> <span class='ocrx_word' id='word_1_76' title='bbox 1243 1071 1346 1136; x_wconf 67' lang='lat' dir='ltr'>iesu.</span> 
     </span>
     <span class='ocr_line' id='line_1_10' title="bbox 218 1156 1347 1250; baseline -0.004 -22"><span class='ocrx_word' id='word_1_77' title='bbox 218 1180 316 1250; x_wconf 77' lang='lat' dir='ltr'>regno</span> <span class='ocrx_word' id='word_1_78' title='bbox 332 1159 505 1235; x_wconf 81' lang='lat' dir='ltr'>ooelorum,</span> <span class='ocrx_word' id='word_1_79' title='bbox 519 1161 628 1228; x_wconf 89' lang='lat' dir='ltr'>similis</span> <span class='ocrx_word' id='word_1_80' title='bbox 644 1173 693 1227; x_wconf 87' lang='lat' dir='ltr'>est</span> <span class='ocrx_word' id='word_1_81' title='bbox 705 1161 761 1227; x_wconf 91' lang='lat' dir='ltr'>ho-</span> <span class='ocrx_word' id='word_1_82' title='bbox 850 1156 971 1226; x_wconf 88' lang='lat' dir='ltr'>Stultas</span> <span class='ocrx_word' id='word_1_83' title='bbox 983 1171 1089 1224; x_wconf 90' lang='lat' dir='ltr'>autem</span> <span class='ocrx_word' id='word_1_84' title='bbox 1101 1159 1307 1248; x_wconf 63' lang='lat' dir='ltr'>quaestiones,</span> <span class='ocrx_word' id='word_1_85' title='bbox 1319 1172 1347 1224; x_wconf 83' lang='lat' dir='ltr'>et</span> 
     </span>
     <span class='ocr_line' id='line_1_11' title="bbox 217 1247 1348 1340; baseline -0.003 -24"><span class='ocrx_word' id='word_1_86' title='bbox 217 1250 295 1316; x_wconf 89' lang='lat' dir='ltr'>mini</span> <span class='ocrx_word' id='word_1_87' title='bbox 311 1249 550 1339; x_wconf 77' lang='lat' dir='ltr'>patrifamilias,</span> <span class='ocrx_word' id='word_1_88' title='bbox 572 1252 626 1340; x_wconf 90' lang='lat' dir='ltr'>qui</span> <span class='ocrx_word' id='word_1_89' title='bbox 642 1251 765 1340; x_wconf 76' lang='lat' dir='ltr'>profert</span> <span class='ocrx_word' id='word_1_90' title='bbox 805 1247 1027 1339; x_wconf 71' lang='lat' dir='ltr'>genealogias,</span> <span class='ocrx_word' id='word_1_91' title='bbox 1050 1260 1084 1314; x_wconf 87' lang='lat' dir='ltr'>et</span> <span class='ocrx_word' id='word_1_92' title='bbox 1106 1249 1348 1320; x_wconf 76' lang='lat' dir='ltr'>contentiones.</span> 
     </span>
     <span class='ocr_line' id='line_1_12' title="bbox 217 1336 1349 1426; baseline -0.004 -22"><span class='ocrx_word' id='word_1_93' title='bbox 217 1340 257 1404; x_wconf 87' lang='lat' dir='ltr'>de</span> <span class='ocrx_word' id='word_1_94' title='bbox 268 1339 420 1406; x_wconf 87' lang='lat' dir='ltr'>thesauro</span> <span class='ocrx_word' id='word_1_95' title='bbox 433 1363 491 1406; x_wconf 92' lang='lat' dir='ltr'>suo</span> <span class='ocrx_word' id='word_1_96' title='bbox 502 1363 584 1406; x_wconf 87' lang='lat' dir='ltr'>nova</span> <span class='ocrx_word' id='word_1_97' title='bbox 596 1352 629 1406; x_wconf 89' lang='lat' dir='ltr'>et</span> <span class='ocrx_word' id='word_1_98' title='bbox 640 1349 759 1406; x_wconf 85' lang='lat' dir='ltr'>vetera.</span> <span class='ocrx_word' id='word_1_99' title='bbox 805 1348 838 1401; x_wconf 87' lang='lat' dir='ltr'>et</span> <span class='ocrx_word' id='word_1_100' title='bbox 869 1359 992 1426; x_wconf 83' lang='lat' dir='ltr'>pugnas</span> <span class='ocrx_word' id='word_1_101' title='bbox 1017 1336 1095 1425; x_wconf 79' lang='lat' dir='ltr'>legis</span> <span class='ocrx_word' id='word_1_102' title='bbox 1120 1336 1258 1404; x_wconf 79' lang='lat' dir='ltr'>devita:</span> <span class='ocrx_word' id='word_1_103' title='bbox 1284 1352 1349 1402; x_wconf 88' lang='lat' dir='ltr'>sunt</span> 
     </span>
     <span class='ocr_line' id='line_1_13' title="bbox 215 1425 1347 1514; baseline -0.005 -19"><span class='ocrx_word' id='word_1_104' title='bbox 215 1427 305 1495; x_wconf 74' lang='lat' dir='ltr'>tttct.</span> <span class='ocrx_word' id='word_1_105' title='bbox 331 1431 380 1494; x_wconf 71' lang='grc' dir='ltr'>ιδ.</span> <span class='ocrx_word' id='word_1_106' title='bbox 403 1431 456 1495; x_wconf 78' lang='lat'>52.</span> <span class='ocrx_word' id='word_1_107' title='bbox 805 1426 892 1492; x_wconf 89' lang='lat' dir='ltr'>enim</span> <span class='ocrx_word' id='word_1_108' title='bbox 907 1425 1037 1492; x_wconf 90' lang='lat' dir='ltr'>inutiles</span> <span class='ocrx_word' id='word_1_109' title='bbox 1052 1438 1085 1491; x_wconf 89' lang='lat' dir='ltr'>et</span> <span class='ocrx_word' id='word_1_110' title='bbox 1095 1448 1196 1492; x_wconf 79' lang='lat' dir='ltr'>vanae.</span> <span class='ocrx_word' id='word_1_111' title='bbox 1208 1425 1264 1492; x_wconf 82' lang='lat' dir='ltr'>lt.</span> <span class='ocrx_word' id='word_1_112' title='bbox 1276 1428 1307 1492; x_wconf 81' lang='lat'>5.</span> <span class='ocrx_word' id='word_1_113' title='bbox 1319 1452 1347 1514; x_wconf 74' lang='lat'>9.</span> 
     </span>
     <span class='ocr_line' id='line_1_14' title="bbox 249 1517 764 1608; baseline -0.002 -26"><span class='ocrx_word' id='word_1_114' title='bbox 249 1517 764 1608; x_wconf 79' lang='lat' dir='ltr'>Eunteserglt(inmnndomuni-</span> 
     </span>
     <span class='ocr_line' id='line_1_15' title="bbox 214 1607 1405 1696; baseline 0 -24"><span class='ocrx_word' id='word_1_115' title='bbox 214 1609 381 1695; x_wconf 80' lang='lat' dir='ltr'>uersum),</span> <span class='ocrx_word' id='word_1_116' title='bbox 395 1607 761 1696; x_wconf 83' lang='lat' dir='ltr'>doceteomnesgentes,</span> <span class='ocrx_word' id='word_1_117' title='bbox 1404 1682 1405 1685; x_wconf 8' lang='grc' dir='ltr'><strong>Ἴ</strong></span> 
     </span>
     <span class='ocr_line' id='line_1_16' title="bbox 216 1695 1405 1788; baseline 0 -26"><span class='ocrx_word' id='word_1_118' title='bbox 216 1709 277 1762; x_wconf 90' lang='lat' dir='ltr'>etc.</span> <span class='ocrx_word' id='word_1_119' title='bbox 306 1695 459 1763; x_wconf 83' lang='lat' dir='ltr'>docentes</span> <span class='ocrx_word' id='word_1_120' title='bbox 477 1719 531 1762; x_wconf 87' lang='lat' dir='ltr'>eos</span> <span class='ocrx_word' id='word_1_121' title='bbox 546 1719 673 1762; x_wconf 85' lang='lat' dir='ltr'>servare</span> <span class='ocrx_word' id='word_1_122' title='bbox 691 1719 763 1761; x_wconf 81' lang='lat' dir='ltr'>om·</span> <span class='ocrx_word' id='word_1_123' title='bbox 849 1697 1006 1765; x_wconf 89' lang='lat' dir='ltr'>Dominus</span> <span class='ocrx_word' id='word_1_124' title='bbox 1018 1695 1107 1765; x_wconf 85' lang='lat' dir='ltr'>devlit</span> <span class='ocrx_word' id='word_1_125' title='bbox 1118 1697 1198 1764; x_wconf 92' lang='lat' dir='ltr'>mihi</span> <span class='ocrx_word' id='word_1_126' title='bbox 1210 1697 1347 1788; x_wconf 80' lang='lat' dir='ltr'>linguam</span> <span class='ocrx_word' id='word_1_127' title='bbox 1404 1706 1405 1717; x_wconf 61' lang='lat'>¹</span> 
     </span>
     <span class='ocr_line' id='line_1_17' title="bbox 217 1784 1349 1874; baseline 0.001 -24"><span class='ocrx_word' id='word_1_128' title='bbox 217 1786 491 1874; x_wconf 83' lang='lat' dir='ltr'>nia,quaeeunque</span> <span class='ocrx_word' id='word_1_129' title='bbox 500 1784 648 1851; x_wconf 89' lang='lat' dir='ltr'>mandavi</span> <span class='ocrx_word' id='word_1_130' title='bbox 658 1785 758 1853; x_wconf 88' lang='lat' dir='ltr'>vobis.</span> <span class='ocrx_word' id='word_1_131' title='bbox 806 1785 984 1864; x_wconf 86' lang='lat' dir='ltr'>eruditam,</span> <span class='ocrx_word' id='word_1_132' title='bbox 1014 1799 1050 1852; x_wconf 88' lang='lat' dir='ltr'>ut</span> <span class='ocrx_word' id='word_1_133' title='bbox 1073 1788 1174 1853; x_wconf 87' lang='lat' dir='ltr'>seiam</span> <span class='ocrx_word' id='word_1_134' title='bbox 1201 1789 1349 1854; x_wconf 84' lang='lat' dir='ltr'>suscitare</span> 
     </span>
     <span class='ocr_line' id='line_1_18' title="bbox 216 1873 1405 1966; baseline -0.003 -26"><span class='ocrx_word' id='word_1_135' title='bbox 216 1874 268 1941; x_wconf 82' lang='lat' dir='ltr'>lt.</span> <span class='ocrx_word' id='word_1_136' title='bbox 284 1877 336 1939; x_wconf 73' lang='lat'>28.</span> <span class='ocrx_word' id='word_1_137' title='bbox 357 1899 405 1963; x_wconf 85' lang='lat'>¹9·</span> <span class='ocrx_word' id='word_1_138' title='bbox 423 1873 510 1939; x_wconf 77' lang='lat' dir='ltr'>Vide</span> <span class='ocrx_word' id='word_1_139' title='bbox 521 1875 629 1940; x_wconf 81' lang='lat' dir='ltr'>Mare.</span> <span class='ocrx_word' id='word_1_140' title='bbox 645 1875 692 1938; x_wconf 87' lang='lat'>16.</span> <span class='ocrx_word' id='word_1_141' title='bbox 710 1877 758 1939; x_wconf 84' lang='lat'>15.</span> <span class='ocrx_word' id='word_1_142' title='bbox 805 1899 898 1953; x_wconf 76' lang='lat' dir='ltr'>essm,</span> <span class='ocrx_word' id='word_1_143' title='bbox 914 1877 969 1966; x_wconf 89' lang='lat' dir='ltr'>qui</span> <span class='ocrx_word' id='word_1_144' title='bbox 986 1873 1085 1942; x_wconf 91' lang='lat' dir='ltr'>lassus</span> <span class='ocrx_word' id='word_1_145' title='bbox 1101 1891 1150 1942; x_wconf 88' lang='lat' dir='ltr'>est</span> <span class='ocrx_word' id='word_1_146' title='bbox 1167 1877 1344 1942; x_wconf 62' lang='lat' dir='ltr'>verbodo.</span> <span class='ocrx_word' id='word_1_147' title='bbox 1404 1926 1405 1937; x_wconf 70' lang='grc'>,</span> 
     </span>
     <span class='ocr_line' id='line_1_19' title="bbox 259 1961 1405 2052; baseline 0.003 -24"><span class='ocrx_word' id='word_1_148' title='bbox 259 1961 643 2052; x_wconf 80' lang='lat' dir='ltr'>Disputanteautemillo</span> <span class='ocrx_word' id='word_1_149' title='bbox 664 1963 758 2048; x_wconf 82' lang='lat' dir='ltr'>(scil.</span> <span class='ocrx_word' id='word_1_150' title='bbox 806 1967 858 2031; x_wconf 79' lang='lat'>50.</span> <span class='ocrx_word' id='word_1_151' title='bbox 879 1969 910 2046; x_wconf 90' lang='grc'>4.</span> <span class='ocrx_word' id='word_1_152' title='bbox 1404 1962 1405 2001; x_wconf 47' lang='lat' dir='ltr'>l</span> 
     </span>
     <span class='ocr_line' id='line_1_20' title="bbox 218 2051 1344 2141; baseline 0.002 -23"><span class='ocrx_word' id='word_1_153' title='bbox 218 2053 341 2141; x_wconf 84' lang='lat' dir='ltr'>Paulo)</span> <span class='ocrx_word' id='word_1_154' title='bbox 355 2052 395 2117; x_wconf 87' lang='lat' dir='ltr'>de</span> <span class='ocrx_word' id='word_1_155' title='bbox 406 2051 526 2140; x_wconf 69' lang='lat' dir='ltr'>justitie</span> <span class='ocrx_word' id='word_1_156' title='bbox 536 2102 546 2129; x_wconf 92' lang='lat'>,</span> <span class='ocrx_word' id='word_1_157' title='bbox 558 2063 590 2116; x_wconf 92' lang='lat' dir='ltr'>et</span> <span class='ocrx_word' id='word_1_158' title='bbox 603 2052 761 2128; x_wconf 82' lang='lat' dir='ltr'>castitate,</span> <span class='ocrx_word' id='word_1_159' title='bbox 851 2055 948 2134; x_wconf 89' lang='lat' dir='ltr'>Quod</span> <span class='ocrx_word' id='word_1_160' title='bbox 959 2055 1033 2120; x_wconf 85' lang='lat' dir='ltr'>dieo</span> <span class='ocrx_word' id='word_1_161' title='bbox 1049 2053 1138 2120; x_wconf 84' lang='lat' dir='ltr'>volsis</span> <span class='ocrx_word' id='word_1_162' title='bbox 1151 2053 1184 2120; x_wconf 86' lang='lat' dir='ltr'>in</span> <span class='ocrx_word' id='word_1_163' title='bbox 1195 2053 1344 2127; x_wconf 79' lang='lat' dir='ltr'>tenebris,</span> 
     </span>
     <span class='ocr_line' id='line_1_21' title="bbox 215 2141 1342 2232; baseline 0.001 -26"><span class='ocrx_word' id='word_1_164' title='bbox 215 2141 299 2206; x_wconf 87' lang='lat' dir='ltr'>etde</span> <span class='ocrx_word' id='word_1_165' title='bbox 315 2141 435 2229; x_wconf 85' lang='lat' dir='ltr'>judicio</span> <span class='ocrx_word' id='word_1_166' title='bbox 450 2141 578 2216; x_wconf 81' lang='lat' dir='ltr'>futuro,</span> <span class='ocrx_word' id='word_1_167' title='bbox 596 2141 762 2207; x_wconf 85' lang='lat' dir='ltr'>tremulae·</span> <span class='ocrx_word' id='word_1_168' title='bbox 805 2141 902 2209; x_wconf 78' lang='lat' dir='ltr'>&lt;licite</span> <span class='ocrx_word' id='word_1_169' title='bbox 924 2143 957 2208; x_wconf 88' lang='lat' dir='ltr'>in</span> <span class='ocrx_word' id='word_1_170' title='bbox 979 2141 1100 2209; x_wconf 89' lang='lat' dir='ltr'>lumine</span> <span class='ocrx_word' id='word_1_171' title='bbox 1120 2167 1129 2208; x_wconf 79' lang='lat' dir='ltr'><strong><em>z</em></strong></span> <span class='ocrx_word' id='word_1_172' title='bbox 1152 2155 1186 2208; x_wconf 90' lang='lat' dir='ltr'>et</span> <span class='ocrx_word' id='word_1_173' title='bbox 1207 2143 1297 2232; x_wconf 87' lang='lat' dir='ltr'>quod</span> <span class='ocrx_word' id='word_1_174' title='bbox 1319 2146 1342 2207; x_wconf 85' lang='lat' dir='ltr'>in</span> 
     </span>
     <span class='ocr_line' id='line_1_22' title="bbox 216 2229 1345 2322; baseline 0.001 -28"><span class='ocrx_word' id='word_1_175' title='bbox 216 2242 266 2294; x_wconf 90' lang='lat' dir='ltr'>tus</span> <span class='ocrx_word' id='word_1_176' title='bbox 282 2229 388 2305; x_wconf 85' lang='lat' dir='ltr'>Felix,</span> <span class='ocrx_word' id='word_1_177' title='bbox 408 2242 470 2296; x_wconf 88' lang='lat' dir='ltr'>ete.</span> <span class='ocrx_word' id='word_1_178' title='bbox 491 2229 567 2298; x_wconf 84' lang='lat' dir='ltr'>Aet.</span> <span class='ocrx_word' id='word_1_179' title='bbox 586 2233 638 2309; x_wconf 69' lang='lat' dir='ltr'>al.</span> <span class='ocrx_word' id='word_1_180' title='bbox 661 2231 712 2295; x_wconf 78' lang='lat'>25.</span> <span class='ocrx_word' id='word_1_181' title='bbox 805 2255 883 2296; x_wconf 86' lang='lat' dir='ltr'>aure</span> <span class='ocrx_word' id='word_1_182' title='bbox 912 2231 1027 2298; x_wconf 87' lang='lat' dir='ltr'>auditis</span> <span class='ocrx_word' id='word_1_183' title='bbox 1061 2231 1238 2321; x_wconf 72' lang='lat' dir='ltr'>praedicate</span> <span class='ocrx_word' id='word_1_184' title='bbox 1260 2255 1345 2322; x_wconf 80' lang='lat' dir='ltr'>super</span> 
     </span>
     <span class='ocr_line' id='line_1_23' title="bbox 260 2317 1186 2409; baseline 0.002 -24"><span class='ocrx_word' id='word_1_185' title='bbox 260 2319 293 2385; x_wconf 89' lang='lat' dir='ltr'>Si</span> <span class='ocrx_word' id='word_1_186' title='bbox 310 2319 380 2408; x_wconf 89' lang='lat' dir='ltr'>quis</span> <span class='ocrx_word' id='word_1_187' title='bbox 392 2320 482 2386; x_wconf 87' lang='lat' dir='ltr'>vobis</span> <span class='ocrx_word' id='word_1_188' title='bbox 499 2317 762 2409; x_wconf 81' lang='lat' dir='ltr'>evangelizaverit</span> <span class='ocrx_word' id='word_1_189' title='bbox 804 2330 901 2387; x_wconf 86' lang='lat' dir='ltr'>tecta.</span> <span class='ocrx_word' id='word_1_190' title='bbox 916 2319 1038 2389; x_wconf 71' lang='lat' dir='ltr'>Massa.</span> <span class='ocrx_word' id='word_1_191' title='bbox 1064 2343 1112 2387; x_wconf 83' lang='grc' dir='ltr'>ιο.</span> <span class='ocrx_word' id='word_1_192' title='bbox 1134 2343 1186 2407; x_wconf 76' lang='lat'>27.</span> 
     </span>
     <span class='ocr_line' id='line_1_24' title="bbox 215 2406 1344 2499; baseline 0 -24"><span class='ocrx_word' id='word_1_193' title='bbox 215 2418 330 2498; x_wconf 79' lang='lat' dir='ltr'>praeter</span> <span class='ocrx_word' id='word_1_194' title='bbox 360 2409 416 2486; x_wconf 91' lang='lat' dir='ltr'>id,</span> <span class='ocrx_word' id='word_1_195' title='bbox 452 2410 538 2499; x_wconf 91' lang='lat' dir='ltr'>quod</span> <span class='ocrx_word' id='word_1_196' title='bbox 570 2406 761 2498; x_wconf 83' lang='lat' dir='ltr'>accepistis,</span> <span class='ocrx_word' id='word_1_197' title='bbox 850 2410 921 2477; x_wconf 86' lang='lat' dir='ltr'>Non</span> <span class='ocrx_word' id='word_1_198' title='bbox 937 2410 1022 2475; x_wconf 88' lang='lat' dir='ltr'>enim</span> <span class='ocrx_word' id='word_1_199' title='bbox 1039 2412 1125 2476; x_wconf 90' lang='lat' dir='ltr'>misit</span> <span class='ocrx_word' id='word_1_200' title='bbox 1136 2434 1188 2475; x_wconf 89' lang='lat' dir='ltr'>me</span> <span class='ocrx_word' id='word_1_201' title='bbox 1205 2410 1344 2476; x_wconf 80' lang='lat' dir='ltr'>Christus</span> 
     </span>
     <span class='ocr_line' id='line_1_25' title="bbox 215 2494 1405 2606; baseline 0.003 -42"><span class='ocrx_word' id='word_1_202' title='bbox 215 2494 384 2564; x_wconf 83' lang='lat' dir='ltr'>anathema</span> <span class='ocrx_word' id='word_1_203' title='bbox 401 2500 451 2565; x_wconf 88' lang='lat' dir='ltr'>sit.</span> <span class='ocrx_word' id='word_1_204' title='bbox 472 2498 583 2564; x_wconf 84' lang='lat' dir='ltr'>Galat.</span> <span class='ocrx_word' id='word_1_205' title='bbox 607 2522 633 2563; x_wconf 91' lang='lat'>1.</span> <span class='ocrx_word' id='word_1_206' title='bbox 654 2522 685 2586; x_wconf 70' lang='lat'>9²</span> <span class='ocrx_word' id='word_1_207' title='bbox 804 2499 991 2588; x_wconf 84' lang='lat' dir='ltr'>baptizare,</span> <span class='ocrx_word' id='word_1_208' title='bbox 1015 2499 1071 2563; x_wconf 90' lang='lat' dir='ltr'>sed</span> <span class='ocrx_word' id='word_1_209' title='bbox 1101 2498 1342 2606; x_wconf 60' lang='lat' dir='ltr'>evangelizare:</span> <span class='ocrx_word' id='word_1_210' title='bbox 1404 2561 1405 2568; x_wconf 72' lang='grc'>,</span> 
     </span>
     <span class='ocr_line' id='line_1_26' title="bbox 259 2588 1405 2676; baseline 0.001 -25"><span class='ocrx_word' id='word_1_211' title='bbox 259 2588 446 2653; x_wconf 82' lang='lat' dir='ltr'>Exhortatio</span> <span class='ocrx_word' id='word_1_212' title='bbox 464 2589 549 2653; x_wconf 91' lang='lat' dir='ltr'>enim</span> <span class='ocrx_word' id='word_1_213' title='bbox 567 2600 675 2653; x_wconf 88' lang='lat' dir='ltr'>nostra</span> <span class='ocrx_word' id='word_1_214' title='bbox 696 2610 762 2652; x_wconf 91' lang='lat' dir='ltr'>non</span> <span class='ocrx_word' id='word_1_215' title='bbox 804 2610 869 2653; x_wconf 90' lang='lat' dir='ltr'>non</span> <span class='ocrx_word' id='word_1_216' title='bbox 886 2590 918 2654; x_wconf 90' lang='lat' dir='ltr'>in</span> <span class='ocrx_word' id='word_1_217' title='bbox 935 2589 1087 2676; x_wconf 76' lang='lat' dir='ltr'>sapientiai</span> <span class='ocrx_word' id='word_1_218' title='bbox 1111 2590 1219 2663; x_wconf 82' lang='lat' dir='ltr'>verbs,</span> <span class='ocrx_word' id='word_1_219' title='bbox 1238 2602 1344 2654; x_wconf 87' lang='lat' dir='ltr'>utnon</span> <span class='ocrx_word' id='word_1_220' title='bbox 1404 2643 1405 2652; x_wconf 73' lang='grc'>,</span> 
     </span>
     <span class='ocr_line' id='line_1_27' title="bbox 215 2674 1345 2764; baseline -0.001 -24"><span class='ocrx_word' id='word_1_221' title='bbox 215 2674 256 2740; x_wconf 81' lang='lat' dir='ltr'>sle</span> <span class='ocrx_word' id='word_1_222' title='bbox 278 2700 405 2753; x_wconf 76' lang='lat' dir='ltr'>errore,</span> <span class='ocrx_word' id='word_1_223' title='bbox 429 2700 533 2764; x_wconf 85' lang='lat' dir='ltr'>neque</span> <span class='ocrx_word' id='word_1_224' title='bbox 557 2676 598 2741; x_wconf 90' lang='lat' dir='ltr'>de</span> <span class='ocrx_word' id='word_1_225' title='bbox 619 2678 762 2741; x_wconf 89' lang='lat' dir='ltr'>immun·</span> <span class='ocrx_word' id='word_1_226' title='bbox 804 2676 1345 2743; x_wconf 74' lang='lat' dir='ltr'>evacuetureruxChristi.Verhuut</span> 
     </span>
     <span class='ocr_line' id='line_1_28' title="bbox 216 2762 1343 2855; baseline 0 -27"><span class='ocrx_word' id='word_1_227' title='bbox 216 2762 312 2841; x_wconf 79' lang='lat' dir='ltr'>ditit,</span> <span class='ocrx_word' id='word_1_228' title='bbox 329 2788 433 2853; x_wconf 87' lang='lat' dir='ltr'>neque</span> <span class='ocrx_word' id='word_1_229' title='bbox 449 2766 482 2831; x_wconf 90' lang='lat' dir='ltr'>in</span> <span class='ocrx_word' id='word_1_230' title='bbox 495 2765 586 2839; x_wconf 91' lang='lat' dir='ltr'>dolo;</span> <span class='ocrx_word' id='word_1_231' title='bbox 607 2764 663 2831; x_wconf 87' lang='lat' dir='ltr'>sed</span> <span class='ocrx_word' id='word_1_232' title='bbox 679 2766 762 2831; x_wconf 87' lang='lat' dir='ltr'>sicut</span> <span class='ocrx_word' id='word_1_233' title='bbox 804 2766 889 2831; x_wconf 88' lang='lat' dir='ltr'>enim</span> <span class='ocrx_word' id='word_1_234' title='bbox 897 2766 1215 2855; x_wconf 86' lang='lat' dir='ltr'>erucispereuntibus</span> <span class='ocrx_word' id='word_1_235' title='bbox 1223 2766 1343 2853; x_wconf 82' lang='lat' dir='ltr'>quidem</span> 
     </span>
     <span class='ocr_line' id='line_1_29' title="bbox 214 2850 1340 2942; baseline -0.002 -25"><span class='ocrx_word' id='word_1_236' title='bbox 214 2854 341 2942; x_wconf 85' lang='lat' dir='ltr'>probati</span> <span class='ocrx_word' id='word_1_237' title='bbox 353 2874 462 2919; x_wconf 79' lang='lat' dir='ltr'>sumes</span> <span class='ocrx_word' id='word_1_238' title='bbox 474 2861 492 2919; x_wconf 75' lang='lat' dir='ltr'>a</span> <span class='ocrx_word' id='word_1_239' title='bbox 504 2854 591 2931; x_wconf 90' lang='lat' dir='ltr'>Deo,</span> <span class='ocrx_word' id='word_1_240' title='bbox 604 2867 640 2919; x_wconf 86' lang='lat' dir='ltr'>ut</span> <span class='ocrx_word' id='word_1_241' title='bbox 653 2854 762 2921; x_wconf 89' lang='lat' dir='ltr'>erede·</span> <span class='ocrx_word' id='word_1_242' title='bbox 804 2853 934 2919; x_wconf 87' lang='lat' dir='ltr'>stultitia</span> <span class='ocrx_word' id='word_1_243' title='bbox 951 2868 1015 2929; x_wconf 88' lang='lat' dir='ltr'>est;</span> <span class='ocrx_word' id='word_1_244' title='bbox 1031 2855 1069 2919; x_wconf 92' lang='lat' dir='ltr'>iis</span> <span class='ocrx_word' id='word_1_245' title='bbox 1088 2867 1196 2921; x_wconf 83' lang='lat' dir='ltr'>autem</span> <span class='ocrx_word' id='word_1_246' title='bbox 1207 2906 1215 2931; x_wconf 88' lang='lat'>,</span> <span class='ocrx_word' id='word_1_247' title='bbox 1228 2854 1280 2942; x_wconf 85' lang='lat' dir='ltr'>qui</span> <span class='ocrx_word' id='word_1_248' title='bbox 1287 2850 1340 2917; x_wconf 85' lang='lat' dir='ltr'>sal-</span> 
     </span>
     <span class='ocr_line' id='line_1_30' title="bbox 214 2942 1343 3032; baseline -0.003 -24"><span class='ocrx_word' id='word_1_249' title='bbox 214 2955 304 3015; x_wconf 83' lang='lat' dir='ltr'>retur</span> <span class='ocrx_word' id='word_1_250' title='bbox 328 2943 421 3008; x_wconf 92' lang='lat' dir='ltr'>nobis</span> <span class='ocrx_word' id='word_1_251' title='bbox 452 2942 688 3032; x_wconf 83' lang='lat' dir='ltr'>Evangelium:</span> <span class='ocrx_word' id='word_1_252' title='bbox 719 2945 761 3008; x_wconf 79' lang='lat' dir='ltr'>iss</span> <span class='ocrx_word' id='word_1_253' title='bbox 804 2942 941 3019; x_wconf 75' lang='lat' dir='ltr'>siliunt,</span> <span class='ocrx_word' id='word_1_254' title='bbox 955 2944 1168 3019; x_wconf 86' lang='lat' dir='ltr'>idestnohis,</span> <span class='ocrx_word' id='word_1_255' title='bbox 1182 2944 1343 3010; x_wconf 83' lang='lat' dir='ltr'>Deivivtus</span> 
     </span>
     <span class='ocr_line' id='line_1_31' title="bbox 215 3031 1343 3120; baseline -0.003 -22"><span class='ocrx_word' id='word_1_256' title='bbox 215 3032 470 3120; x_wconf 89' lang='lat' dir='ltr'>loquimur,non</span> <span class='ocrx_word' id='word_1_257' title='bbox 502 3031 762 3099; x_wconf 89' lang='lat' dir='ltr'>uasihominibus</span> <span class='ocrx_word' id='word_1_258' title='bbox 804 3044 861 3098; x_wconf 88' lang='lat' dir='ltr'>est.</span> <span class='ocrx_word' id='word_1_259' title='bbox 893 3057 918 3097; x_wconf 86' lang='lat' dir='ltr'>r.</span> <span class='ocrx_word' id='word_1_260' title='bbox 955 3032 1033 3097; x_wconf 83' lang='lat' dir='ltr'>Cor.</span> <span class='ocrx_word' id='word_1_261' title='bbox 1064 3057 1090 3097; x_wconf 93' lang='lat'>1.</span> <span class='ocrx_word' id='word_1_262' title='bbox 1117 3056 1166 3119; x_wconf 88' lang='lat'>¹7·</span> <span class='ocrx_word' id='word_1_263' title='bbox 1201 3036 1249 3098; x_wconf 75' lang='lat'>18.</span> <span class='ocrx_word' id='word_1_264' title='bbox 1268 3033 1343 3099; x_wconf 81' lang='lat' dir='ltr'>llam</span> 
     </span>
     <span class='ocr_line' id='line_1_32' title="bbox 215 3056 1341 3212; baseline -0.002 -26"><span class='ocrx_word' id='word_1_265' title='bbox 215 3120 395 3209; x_wconf 85' lang='lat' dir='ltr'>placentes,</span> <span class='ocrx_word' id='word_1_266' title='bbox 410 3120 468 3185; x_wconf 84' lang='lat' dir='ltr'>sed</span> <span class='ocrx_word' id='word_1_267' title='bbox 478 3056 566 3198; x_wconf 56' lang='lat' dir='ltr'>leo,</span> <span class='ocrx_word' id='word_1_268' title='bbox 580 3121 633 3209; x_wconf 91' lang='lat' dir='ltr'>qui</span> <span class='ocrx_word' id='word_1_269' title='bbox 646 3123 762 3211; x_wconf 90' lang='lat' dir='ltr'>probat</span> <span class='ocrx_word' id='word_1_270' title='bbox 789 3122 877 3212; x_wconf 74' lang='lat' dir='ltr'>&#39;quia</span> <span class='ocrx_word' id='word_1_271' title='bbox 893 3122 926 3187; x_wconf 89' lang='lat' dir='ltr'>in</span> <span class='ocrx_word' id='word_1_272' title='bbox 942 3122 1002 3186; x_wconf 89' lang='lat' dir='ltr'>Dei</span> <span class='ocrx_word' id='word_1_273' title='bbox 1027 3121 1181 3210; x_wconf 66' lang='lat' dir='ltr'>sapientia</span> <span class='ocrx_word' id='word_1_274' title='bbox 1194 3143 1261 3187; x_wconf 88' lang='lat' dir='ltr'>non</span> <span class='ocrx_word' id='word_1_275' title='bbox 1278 3142 1341 3208; x_wconf 79' lang='lat' dir='ltr'>cog·</span> 
     </span>
     <span class='ocr_line' id='line_1_33' title="bbox 215 3208 1345 3301; baseline -0.004 -24"><span class='ocrx_word' id='word_1_276' title='bbox 215 3209 312 3277; x_wconf 86' lang='lat' dir='ltr'>eorda</span> <span class='ocrx_word' id='word_1_277' title='bbox 329 3223 447 3275; x_wconf 85' lang='lat' dir='ltr'>nostra.</span> <span class='ocrx_word' id='word_1_278' title='bbox 473 3232 499 3274; x_wconf 84' lang='grc' dir='ltr'>ι.</span> <span class='ocrx_word' id='word_1_279' title='bbox 518 3208 626 3276; x_wconf 78' lang='lat' dir='ltr'>Thess.</span> <span class='ocrx_word' id='word_1_280' title='bbox 641 3232 669 3277; x_wconf 85' lang='lat' dir='ltr'>a.</span> <span class='ocrx_word' id='word_1_281' title='bbox 682 3208 713 3275; x_wconf 72' lang='grc' dir='ltr'>ὅ.</span> <span class='ocrx_word' id='word_1_282' title='bbox 726 3213 758 3289; x_wconf 92' lang='grc'>4.</span> <span class='ocrx_word' id='word_1_283' title='bbox 805 3211 894 3278; x_wconf 91' lang='lat' dir='ltr'>novit</span> <span class='ocrx_word' id='word_1_284' title='bbox 915 3209 1055 3276; x_wconf 84' lang='lat' dir='ltr'>mundus</span> <span class='ocrx_word' id='word_1_285' title='bbox 1078 3234 1136 3300; x_wconf 91' lang='lat' dir='ltr'>per</span> <span class='ocrx_word' id='word_1_286' title='bbox 1162 3212 1345 3301; x_wconf 87' lang='lat' dir='ltr'>sapientiam</span> 
     </span>
     <span class='ocr_line' id='line_1_34' title="bbox 261 3298 1346 3389; baseline -0.003 -25"><span class='ocrx_word' id='word_1_287' title='bbox 261 3300 388 3388; x_wconf 88' lang='lat' dir='ltr'>lneptas</span> <span class='ocrx_word' id='word_1_288' title='bbox 410 3310 567 3364; x_wconf 86' lang='lat' dir='ltr'>autemet</span> <span class='ocrx_word' id='word_1_289' title='bbox 590 3298 689 3363; x_wconf 85' lang='lat' dir='ltr'>aniles</span> <span class='ocrx_word' id='word_1_290' title='bbox 713 3300 763 3364; x_wconf 89' lang='lat' dir='ltr'>la·</span> <span class='ocrx_word' id='word_1_291' title='bbox 804 3300 933 3367; x_wconf 89' lang='lat' dir='ltr'>Deum:</span> <span class='ocrx_word' id='word_1_292' title='bbox 954 3299 1076 3389; x_wconf 88' lang='lat' dir='ltr'>placult</span> <span class='ocrx_word' id='word_1_293' title='bbox 1091 3300 1161 3364; x_wconf 89' lang='lat' dir='ltr'>Dee</span> <span class='ocrx_word' id='word_1_294' title='bbox 1177 3324 1237 3389; x_wconf 90' lang='lat' dir='ltr'>per</span> <span class='ocrx_word' id='word_1_295' title='bbox 1254 3298 1346 3367; x_wconf 86' lang='lat' dir='ltr'>stulti·</span> 
     </span>
     <span class='ocr_line' id='line_1_35' title="bbox 214 3386 1347 3476; baseline -0.004 -18"><span class='ocrx_word' id='word_1_296' title='bbox 214 3387 303 3458; x_wconf 78' lang='lat' dir='ltr'>bulas</span> <span class='ocrx_word' id='word_1_297' title='bbox 328 3386 443 3454; x_wconf 85' lang='lat' dir='ltr'>devita.</span> <span class='ocrx_word' id='word_1_298' title='bbox 468 3412 494 3453; x_wconf 83' lang='grc' dir='ltr'>ι.</span> <span class='ocrx_word' id='word_1_299' title='bbox 517 3386 606 3454; x_wconf 82' lang='lat' dir='ltr'>Tim.</span> <span class='ocrx_word' id='word_1_300' title='bbox 619 3390 650 3467; x_wconf 95' lang='grc'>4.</span> <span class='ocrx_word' id='word_1_301' title='bbox 669 3412 699 3475; x_wconf 89' lang='lat'>7.</span> <span class='ocrx_word' id='word_1_302' title='bbox 805 3388 882 3454; x_wconf 86' lang='lat' dir='ltr'>tiam</span> <span class='ocrx_word' id='word_1_303' title='bbox 907 3388 1143 3476; x_wconf 71' lang='lat' dir='ltr'>praedicationis</span> <span class='ocrx_word' id='word_1_304' title='bbox 1173 3389 1280 3455; x_wconf 82' lang='lat' dir='ltr'>salvos</span> <span class='ocrx_word' id='word_1_305' title='bbox 1305 3391 1347 3455; x_wconf 86' lang='lat' dir='ltr'>la-</span> 
     </span>
     <span class='ocr_line' id='line_1_36' title="bbox 259 3476 1201 3563; baseline 0 -21"><span class='ocrx_word' id='word_1_306' title='bbox 259 3477 401 3543; x_wconf 79' lang='lat' dir='ltr'>Proediea</span> <span class='ocrx_word' id='word_1_307' title='bbox 418 3476 574 3551; x_wconf 89' lang='lat' dir='ltr'>verbum,</span> <span class='ocrx_word' id='word_1_308' title='bbox 598 3477 678 3542; x_wconf 87' lang='lat' dir='ltr'>insta</span> <span class='ocrx_word' id='word_1_309' title='bbox 702 3498 763 3563; x_wconf 87' lang='lat' dir='ltr'>op·</span> <span class='ocrx_word' id='word_1_310' title='bbox 805 3502 879 3546; x_wconf 85' lang='lat' dir='ltr'>cere</span> <span class='ocrx_word' id='word_1_311' title='bbox 894 3478 1072 3544; x_wconf 89' lang='lat' dir='ltr'>eredentes.</span> <span class='ocrx_word' id='word_1_312' title='bbox 1091 3502 1124 3543; x_wconf 84' lang='lat' dir='ltr'>v.</span> <span class='ocrx_word' id='word_1_313' title='bbox 1148 3500 1201 3543; x_wconf 83' lang='lat' dir='ltr'>ss.</span> 
     </span>
     <span class='ocr_line' id='line_1_37' title="bbox 213 3566 1345 3656; baseline 0.002 -25"><span class='ocrx_word' id='word_1_314' title='bbox 213 3572 371 3655; x_wconf 78' lang='lat' dir='ltr'>portare,</span> <span class='ocrx_word' id='word_1_315' title='bbox 384 3566 577 3653; x_wconf 76' lang='lat' dir='ltr'>importune:</span> <span class='ocrx_word' id='word_1_316' title='bbox 587 3588 698 3655; x_wconf 81' lang='lat' dir='ltr'>argue,</span> <span class='ocrx_word' id='word_1_317' title='bbox 708 3566 764 3629; x_wconf 89' lang='lat' dir='ltr'>oh·</span> <span class='ocrx_word' id='word_1_318' title='bbox 850 3568 891 3631; x_wconf 88' lang='lat' dir='ltr'>Et</span> <span class='ocrx_word' id='word_1_319' title='bbox 902 3590 961 3656; x_wconf 82' lang='lat' dir='ltr'>ego</span> <span class='ocrx_word' id='word_1_320' title='bbox 973 3572 1048 3631; x_wconf 78' lang='lat' dir='ltr'>cum</span> <span class='ocrx_word' id='word_1_321' title='bbox 1061 3568 1218 3632; x_wconf 82' lang='lat' dir='ltr'>venissem</span> <span class='ocrx_word' id='word_1_322' title='bbox 1229 3566 1273 3630; x_wconf 86' lang='lat' dir='ltr'>ad</span> <span class='ocrx_word' id='word_1_323' title='bbox 1285 3588 1345 3633; x_wconf 79' lang='lat' dir='ltr'>vos.</span> 
     </span>
     <span class='ocr_line' id='line_1_38' title="bbox 216 3653 1405 3758; baseline -0.005 -37"><span class='ocrx_word' id='word_1_324' title='bbox 216 3678 325 3731; x_wconf 86' lang='lat' dir='ltr'>secra,</span> <span class='ocrx_word' id='word_1_325' title='bbox 340 3655 470 3758; x_wconf 84' lang='lat' dir='ltr'>inarepa</span> <span class='ocrx_word' id='word_1_326' title='bbox 490 3656 523 3719; x_wconf 92' lang='lat' dir='ltr'>in</span> <span class='ocrx_word' id='word_1_327' title='bbox 542 3654 629 3719; x_wconf 87' lang='lat' dir='ltr'>omni</span> <span class='ocrx_word' id='word_1_328' title='bbox 642 3655 764 3744; x_wconf 69' lang='lat' dir='ltr'>patien-</span> <span class='ocrx_word' id='word_1_329' title='bbox 805 3658 919 3721; x_wconf 87' lang='lat' dir='ltr'>fratres</span> <span class='ocrx_word' id='word_1_330' title='bbox 929 3707 937 3731; x_wconf 91' lang='lat'>,</span> <span class='ocrx_word' id='word_1_331' title='bbox 949 3656 1022 3720; x_wconf 85' lang='lat' dir='ltr'>veni</span> <span class='ocrx_word' id='word_1_332' title='bbox 1035 3678 1099 3721; x_wconf 89' lang='lat' dir='ltr'>non</span> <span class='ocrx_word' id='word_1_333' title='bbox 1113 3654 1145 3721; x_wconf 89' lang='lat' dir='ltr'>in</span> <span class='ocrx_word' id='word_1_334' title='bbox 1158 3653 1346 3721; x_wconf 82' lang='lat' dir='ltr'>sublimitate</span> <span class='ocrx_word' id='word_1_335' title='bbox 1404 3675 1405 3716; x_wconf 67' lang='lat' dir='ltr'>l</span> 
     </span>
     <span class='ocr_line' id='line_1_39' title="bbox 216 3744 1405 3832; baseline 0.001 -23"><span class='ocrx_word' id='word_1_336' title='bbox 216 3746 273 3821; x_wconf 75' lang='lat' dir='ltr'>sir,</span> <span class='ocrx_word' id='word_1_337' title='bbox 290 3756 322 3809; x_wconf 87' lang='lat' dir='ltr'>et</span> <span class='ocrx_word' id='word_1_338' title='bbox 336 3744 493 3809; x_wconf 77' lang='lat' dir='ltr'>doetrsnt.</span> <span class='ocrx_word' id='word_1_339' title='bbox 506 3744 573 3807; x_wconf 87' lang='lat' dir='ltr'>Erit</span> <span class='ocrx_word' id='word_1_340' title='bbox 586 3744 670 3809; x_wconf 89' lang='lat' dir='ltr'>enim</span> <span class='ocrx_word' id='word_1_341' title='bbox 684 3757 765 3809; x_wconf 88' lang='lat' dir='ltr'>tem·</span> <span class='ocrx_word' id='word_1_342' title='bbox 806 3745 975 3819; x_wconf 90' lang='lat' dir='ltr'>sermonis,</span> <span class='ocrx_word' id='word_1_343' title='bbox 985 3744 1346 3832; x_wconf 79' lang='lat' dir='ltr'>autsapientiae,annun·</span> <span class='ocrx_word' id='word_1_344' title='bbox 1404 3807 1405 3810; x_wconf 74' lang='grc'>,</span> 
     </span>
     <span class='ocr_line' id='line_1_40' title="bbox 215 3830 1405 3922; baseline -0.006 -24"><span class='ocrx_word' id='word_1_345' title='bbox 215 3832 763 3922; x_wconf 83' lang='lat' dir='ltr'>pus,elrmsanamdoetrinamnon</span> <span class='ocrx_word' id='word_1_346' title='bbox 806 3830 1341 3899; x_wconf 80' lang='lat' dir='ltr'>tiansvolsistestimoniumChristi.</span> <span class='ocrx_word' id='word_1_347' title='bbox 1404 3859 1405 3862; x_wconf 37' lang='lat'>¹</span> 
     </span>
     <span class='ocr_line' id='line_1_41' title="bbox 215 3919 1344 4010; baseline -0.005 -22"><span class='ocrx_word' id='word_1_348' title='bbox 215 3919 764 4006; x_wconf 76' lang='lat' dir='ltr'>sustinebunt,sedadsuadesirleria</span> <span class='ocrx_word' id='word_1_349' title='bbox 808 3920 879 3989; x_wconf 87' lang='lat' dir='ltr'>Non</span> <span class='ocrx_word' id='word_1_350' title='bbox 902 3923 988 3988; x_wconf 89' lang='lat' dir='ltr'>enim</span> <span class='ocrx_word' id='word_1_351' title='bbox 1012 3922 1171 4010; x_wconf 85' lang='lat' dir='ltr'>judicavi,</span> <span class='ocrx_word' id='word_1_352' title='bbox 1195 3944 1248 3987; x_wconf 86' lang='lat' dir='ltr'>me</span> <span class='ocrx_word' id='word_1_353' title='bbox 1268 3920 1344 3986; x_wconf 84' lang='lat' dir='ltr'>scire</span> 
     </span>
     <span class='ocr_line' id='line_1_42' title="bbox 214 4007 1405 4165; baseline -0.005 -89"><span class='ocrx_word' id='word_1_354' title='bbox 214 4011 450 4089; x_wconf 77' lang='lat' dir='ltr'>coacervabunt</span> <span class='ocrx_word' id='word_1_355' title='bbox 481 4008 542 4076; x_wconf 87' lang='lat' dir='ltr'>sibi</span> <span class='ocrx_word' id='word_1_356' title='bbox 571 4010 764 4099; x_wconf 83' lang='lat' dir='ltr'>magistros,</span> <span class='ocrx_word' id='word_1_357' title='bbox 808 4008 927 4165; x_wconf 43' lang='lat' dir='ltr'>plli&#39;quisl</span> <span class='ocrx_word' id='word_1_358' title='bbox 950 4012 1133 4088; x_wconf 78' lang='lat' dir='ltr'>inter-vos,</span> <span class='ocrx_word' id='word_1_359' title='bbox 1156 4012 1215 4077; x_wconf 88' lang='lat' dir='ltr'>nisi</span> <span class='ocrx_word' id='word_1_360' title='bbox 1238 4007 1343 4075; x_wconf 72' lang='lat' dir='ltr'>lesum</span> <span class='ocrx_word' id='word_1_361' title='bbox 1404 4027 1405 4044; x_wconf 65' lang='lat'><em>³</em></span> 
     </span>
     <span class='ocr_line' id='line_1_43' title="bbox 214 4098 1339 4199; baseline -0.007 -34"><span class='ocrx_word' id='word_1_362' title='bbox 214 4102 393 4199; x_wconf 80' lang='lat' dir='ltr'>prurientes</span> <span class='ocrx_word' id='word_1_363' title='bbox 405 4100 547 4166; x_wconf 87' lang='lat' dir='ltr'>auribus:</span> <span class='ocrx_word' id='word_1_364' title='bbox 561 4098 766 4165; x_wconf 78' lang='lat' dir='ltr'>ettvoritate</span> <span class='ocrx_word' id='word_1_365' title='bbox 825 4140 833 4163; x_wconf 89' lang='grc'><strong>.</strong></span> <span class='ocrx_word' id='word_1_366' title='bbox 861 4101 989 4177; x_wconf 86' lang='lat' dir='ltr'>ristum,</span> <span class='ocrx_word' id='word_1_367' title='bbox 1003 4112 1035 4166; x_wconf 86' lang='lat' dir='ltr'>et</span> <span class='ocrx_word' id='word_1_368' title='bbox 1047 4101 1134 4169; x_wconf 88' lang='lat' dir='ltr'>hune</span> <span class='ocrx_word' id='word_1_369' title='bbox 1146 4098 1339 4167; x_wconf 81' lang='lat' dir='ltr'>crucifixum.</span> 
     </span>
    </p>
   </div>
   <div class='ocr_carea' id='block_1_5' title="bbox 794 1525 1405 1671">
    <p class='ocr_par' dir='ltr' id='par_1_5' title="bbox 794 1525 1405 1671">
     <span class='ocr_line' id='line_1_44' title="bbox 794 1525 1405 1671; baseline 0.002 -43"><span class='ocrx_word' id='word_1_370' title='bbox 794 1560 925 1628; x_wconf 66' lang='lat' dir='ltr'>Adue</span> <span class='ocrx_word' id='word_1_371' title='bbox 945 1525 1127 1628; x_wconf 61' lang='lat' dir='ltr'>intorem</span> <span class='ocrx_word' id='word_1_372' title='bbox 1152 1563 1348 1630; x_wconf 67' lang='lat' dir='ltr'>serim</span> <span class='ocrx_word' id='word_1_373' title='bbox 1404 1582 1405 1671; x_wconf 59' lang='lat' dir='ltr'>p</span> 
     </span>
    </p>
   </div>
   <div class='ocr_carea' id='block_1_6' title="bbox 0 0 1446 4725">
    <p class='ocr_par' dir='ltr' id='par_1_6' title="bbox 0 0 1446 4725">
     <span class='ocr_line' id='line_1_45' title="bbox 0 0 1446 4725; baseline 0 1"><span class='ocrx_word' id='word_1_374' title='bbox 0 0 1446 4725; x_wconf 95' lang='lat' dir='ltr'> </span> 
     </span>
    </p>
   </div>
  </div>
 </body>
</html>
