2884 4725
312 178 392 247 JUR
861 180 940 248 JUR
1142 185 1207 275 ⁵²9

76 288 187 370 Quane
213 293 291 378 engo
318 300 429 378 regnat
458 286 624 357 Adotiias?
664 290 846 378 omnesqui
867 303 960 357 erant
977 291 1010 359 in
1028 290 1111 363 Judt
1132 317 1207 364 cum

74 380 104 443 6.
131 378 211 467 lieg.
242 401 268 443 1.
301 378 348 441 15.
375 376 495 444 Vocate
516 377 556 443 ad
573 402 624 444 me
664 377 867 445 execratione
896 403 905 445 :
937 380 969 447 in
1006 382 1092 447 omni
1123 384 1208 453 euim

73 465 622 553 Bethsadtee(diotitDaoid).Quoe
663 466 761 532 conde
786 490 844 531 suo
866 468 1072 555 juraverunt,
1106 483 1138 536 et
1173 475 1207 541 in

71 553 621 645 oiimfuissetingressacommrege,
663 562 728 620 toti
740 553 903 621 voluntate
914 558 1105 645 quaesierunt
1116 583 1204 643 eum,

70 654 101 707 et
124 643 265 708 stetisset
289 648 363 708 ante
386 665 479 717 eum,
505 643 621 731 jure'vit
662 656 693 707 et
705 644 895 709 invenerunt
912 668 921 709 ε
939 647 1145 736 praestititque
1160 651 1205 717 eis

69 754 149 805 rex,
165 742 197 797 et
209 731 252 795 ait
265 760 273 792 ι
286 728 371 797 Vivit
382 730 537 799 Dominus
548 782 557 811 ,
567 734 622 820 qui
662 731 819 798 Dominus
848 734 991 820 requiem
1017 759 1075 823 per
1093 738 1206 805 circui·

70 820 160 884 eruit
186 820 323 884 animam
345 840 450 883 meam
471 820 511 885 de
535 822 621 887 omni
661 831 741 886 tum.
756 844 785 886 2.
802 822 917 889 Paret.
940 824 990 889 15.
1013 827 1063 904 14.
1079 825 1202 893 Video.

69 908 240 996 angustia,
257 907 330 994 quia
348 907 430 973 sient
445 908 548 995 juravi
564 910 621 974 tibi
663 909 714 975 56.
739 910 788 974 15.

30 1030 31 1033 ¹
67 1020 126 1083 per
142 996 320 1061 Dominum
332 994 564 1073 Deumlsrae'l,
576 998 622 1063 di·
706 997 850 1063 Surrexit
865 1005 940 1087 ergo
951 998 1088 1078 Esdras,
1104 1015 1137 1069 et
1152 1002 1205 1083 ad·

66 1108 148 1151 oens
169 1081 349 1151 :Salomon
371 1083 453 1151 fitius
475 1096 548 1153 tuus
568 1110 619 1151 re-
660 1084 778 1173 juravit
813 1087 972 1175 principes
1001 1089 1205 1159 sacerdotum

67 1171 185 1261 gnabit
197 1184 269 1260 post
282 1196 333 1237 me
347 1195 355 1237 ι
370 1185 403 1237 et
417 1174 484 1261 ipse
499 1174 621 1243 sedebit
661 1188 693 1239 et
704 1174 886 1240 Leviterum
896 1225 905 1251 ‚
915 1186 947 1240 et
955 1200 1085 1245 omnem
1093 1177 1203 1259 lsrael,

30 1274 32 1307 2
65 1285 167 1349 super
181 1258 296 1325 solium
304 1283 411 1327 meum
420 1286 478 1350 pro
486 1286 538 1328 me
552 1287 560 1327 :
574 1264 620 1329 sio
660 1274 696 1327 ut
715 1264 857 1329 facerent
873 1266 1049 1331 secundum
1070 1268 1204 1351 terbum

65 1350 187 1416 seciam
203 1349 310 1414 hodie.
334 1373 367 1415 υ.
386 1354 436 1416 28.
450 1366 480 1415 et
494 1374 557 1437 aeq.
580 1354 620 1417 Et
660 1351 724 1416 hoo
742 1376 750 1416 :
768 1364 800 1417 et
819 1352 1016 1440 juraverunt.
1046 1379 1073 1421 1.
1098 1356 1200 1427 usur.

30 1482 34 1486 -
68 1450 259 1527 ungateum
272 1438 316 1503 ibi
333 1437 618 1517 Sadocsacerdos‚
665 1463 714 1505 1ο.
735 1442 764 1506 5.

31 1572 33 1575 -
65 1540 99 1593 et
125 1526 253 1593 Nathan
276 1526 431 1615 propheta
457 1528 489 1593 in
511 1552 618 1617 regem
703 1529 921 1594 Recenseamu-
935 1532 993 1615 qui
1007 1531 1112 1618 faedus
1135 1531 1205 1597 tnt-

66 1640 167 1705 supen
184 1612 338 1679 1212662.
367 1616 419 1694 64.
437 1615 523 1681 Vide
536 1640 562 1682 e.
586 1641 615 1684 2.
651 1619 1206 1707 ·tomsignaront,qoopoltioentor

70 1729 101 1771 2.
120 1706 153 1767 8.
170 1717 210 1768 et.
228 1704 278 1767 26.
659 1719 688 1770 et
698 1708 843 1791 jurant,
867 1729 899 1771 ae
920 1723 1107 1773 servaturos
1128 1711 1207 1775 oni-
1269 1734 1282 1763 ·

30 1811 34 1847 ι’
118 1791 153 1857 Si
175 1792 352 1877 peccaverit
380 1791 476 1858 homo
497 1792 529 1857 in
547 1816 619 1883 pro
658 1816 755 1859 verso
774 1795 839 1861 Dei
854 1810 1031 1884 praecepto,
1046 1817 1075 1862 2.
1100 1797 1202 1865 usur.

30 1900 32 1935 ÷
68 1881 191 1945 ximum
220 1902 312 1945 suum
335 1878 443 1965 (dixit
460 1880 619 1949 Salomon
659 1904 686 1945 o.
707 1906 756 1947 io.
1200 1898 1203 1903 '

30 1990 33 2025 ;
68 1968 255 2055 Domino),
274 1966 471 2033 ethabuerit
492 1967 634 2057 aliquod,
702 1970 1000 2038 Nabuchodonosor
1020 1973 1109 2040 vieto
1131 1999 1206 2065 rogo

30 2084 32 2115 a
66 2059 384 2145 juramentumque
401 2067 546 2122 teneatur
560 2058 619 2123 ad·
658 2056 851 2135 Medorum,
872 2062 998 2126 eunetis
1014 2064 1126 2167 regnis
1143 2066 1205 2129 im·

30 2182 31 2199 1
67 2147 220 2222 strictum
241 2155 273 2211 et
290 2146 411 2209 venerit
425 2147 618 2235 proptenju-
656 2150 939 2236 peroreoopiens,
957 2165 1090 2216 nuntios
1107 2150 1206 2219 adea

30 2262 32 2293 t
67 2246 254 2300 ramentum
271 2255 380 2298 coram
399 2230 488 2297 altari
509 2246 564 2299 tuo
585 2236 618 2300 in
658 2234 783 2308 mittit,
804 2236 922 2319 quibus
942 2236 1062 2324 absque
1083 2238 1205 2307 itenere

72 2323 208 2388 domum
227 2326 333 2396 tuam‘5
361 2334 395 2388 tu
411 2322 565 2406 ⁴exaudies
585 2324 617 2390 in
659 2323 1050 2414 remissis,indignotus‚
1060 2327 1205 2413 juratae

64 2409 177 2488 ¹ciselo,
203 2423 235 2474 et
261 2410 376 2486 facies,
398 2421 437 2486 *et
461 2411 618 2499 judicabis
660 2410 696 2474 id
711 2412 870 2477 ulturum.
889 2411 1011 2476 tentat
1024 2438 1052 2478 o.
1075 2438 1103 2480 1.
1119 2417 1204 2482 Vide

68 2523 181 2566 servos
203 2511 291 2577 tuos,
317 2498 532 2566 condemnans
556 2501 618 2566 im·
663 2522 689 2564 1.
705 2498 816 2567 Meet.
837 2502 868 2565 6.
887 2501 940 2565 61.
960 2501 1013 2566 62.

68 2590 182 2678 pium,
212 2599 242 2652 et
268 2588 403 2653 reddens
424 2587 505 2653 viam
528 2613 617 2656 suem
702 2587 788 2656 Vivit
810 2588 914 2665 Dens,
931 2587 1134 2676 quiabstulit
1154 2593 1203 2681 ju·
1274 2656 1278 2661 .

68 2701 170 2766 super
196 2688 291 2764 ceput
318 2676 408 2764 ejus,
431 2675 618 2762 justificans·
658 2674 779 2742 dicium
791 2700 919 2752 meum,
933 2690 965 2744 et
979 2677 1200 2768 Omnipotens,

68 2791 132 2855 qne
156 2767 297 2854 justum,
325 2777 357 2829 ot
380 2763 557 2833 retribuens
588 2767 617 2833 ei
659 2765 712 2852 qui
740 2764 780 2830 ad
800 2767 1043 2834 amaritudinem
1071 2769 1204 2838 adduxit

67 2853 408 2940 seeundumjustitiam
418 2853 613 2920 suam-Ibid.
659 2853 796 2918 animam
811 2878 936 2931 meam,
952 2856 1026 2944 quia
1038 2851 1142 2927 donee
1153 2885 1203 2926 su-

69 2949 102 3009 8.
120 2945 173 3007 51.
194 2943 247 3007 52.
266 2941 364 3008 Idem
378 2940 542 3006 verbatim
556 2941 618 3008 ho-
657 2954 764 3030 pereat
780 2941 897 3009 halitus
912 2944 949 3018 ⁴iu
965 2968 1038 3022 me,
1061 2959 1094 3012 et
1108 2949 1203 3036 spiri-

70 3033 168 3098 inetur
186 3054 213 3095 2.
237 3030 352 3096 Parui.
372 3031 403 3094 6.
422 3053 473 3094 22.
659 3041 709 3094 tus
729 3030 787 3095 Dei
812 3032 845 3096 in
868 3032 998 3099 naribus
1017 3035 1115 3112 meis,
1136 3060 1201 3102 non

115 3111 193 3185 Hac
212 3118 291 3184 mihi
307 3118 424 3192 faciant
439 3112 488 3184 Dii
506 3119 617 3205 (dimit
658 3117 828 3206 loquentur
853 3118 935 3205 labia
961 3145 1033 3187 mea
1057 3123 1101 3188 ini
1123 3124 1201 3192 uita·

65 3207 204 3276 lezabel
227 3207 361 3272 mittens
386 3209 548 3272 numium
564 3208 617 3284 „od
657 3147 1202 3297 tem‚neclinguameameditiiitur

66 3298 224 3384 Etiam),
248 3306 281 3360 et
306 3294 375 3361 haeo
395 3294 533 3372 addant,
557 3295 617 3362 nisi
657 3295 1067 3385 122116αοί1112..12627.2.
1087 3316 1199 3390 etseq.

64 3387 130 3452 hio
142 3385 223 3450 honi
240 3406 310 3448 eras
326 3407 461 3471 posuero
478 3385 615 3452 animem
704 3384 767 3463 Qui
795 3385 880 3472 jurat
899 3387 1045 3475 proximo
1067 3412 1143 3467 suo,
1167 3403 1201 3458 et

64 3488 159 3540 tuam
186 3473 270 3539 sicut
296 3473 435 3538 animam
459 3475 551 3540 unius
578 3498 616 3540 ex
657 3494 723 3536 non
757 3471 893 3562 decipit,
933 3475 989 3562 qui
1030 3479 1223 3566 pecuniam·

63 3562 130 3630 illis
140 3612 149 3637 ,
161 3559 180 3624 1
185 3560 251 3626 bid.
268 3584 316 3646 ¹9·
331 3584 359 3626 2.
376 3562 408 3624 V
409 3561 461 3625 tcta
472 3586 498 3626 a.
520 3586 569 3648 17.
585 3587 612 3627 1.
658 3582 749 3626 suam
763 3585 827 3626 non
844 3561 931 3628 dedit
946 3562 987 3626 ad
1002 3586 1151 3643 usuram,
1168 3577 1202 3632 et

69 3673 124 3717 12.
144 3671 194 3713 no.
220 3672 269 3714 10.
283 3649 370 3714 Item
385 3653 416 3729 4.
434 3647 511 3740 Reg.
533 3673 561 3714 2.
582 3673 610 3716 2.
657 3671 792 3715 munera
807 3673 902 3739 snper
916 3651 1120 3718 innocentem
1134 3676 1199 3720 nou

114 3736 310 3802 «iuraverunt
335 3762 373 3802 ue
385 3738 522 3804 Domino
538 3760 615 3804 vooe
657 3739 781 3826 aceepit
805 3737 983 3824 (habitabit
995 3741 1033 3803 io
1051 3740 1202 3806 taberna·

30 3873 31 3884 .
63 3833 188 3916 magne
204 3826 236 3890 in
250 3762 615 3916 jubiio,etinolangore
656 3829 729 3894 outo
766 3843 847 3904 too,
885 3827 1067 3913 Domine).
1108 3829 1196 3896 Psoi.

30 3979 31 3982 ,
65 3918 156 3984 tubae
166 3965 177 3994 ,
190 3914 266 3994 etin
275 3916 381 3982 sonitu
391 3916 612 3993 buccinarum,
660 3919 709 3995 14.
726 3916 757 3984 5.

181 4001 289 4071 Tenus
306 4002 331 4071 Ι.
1068 3999 1113 4078 56
