2884 4725
336 252 420 320 GEN
892 251 975 319 GEN
1173 260 1235 348 599

75 375 190 428 tuum
219 365 255 430 ia
275 370 361 431 'terri
385 365 522 454 AEgypti.
555 365 576 432 I
579 367 644 431 bid.
690 385 744 427 aaa
762 375 810 430 est
828 361 974 429 Salvator
991 387 1093 440 meus,
1111 378 1142 430 et
1158 367 1233 433 bra-

77 474 139 516 20.
176 475 231 540 ¹9·
251 477 298 557 ι9.
658 469 660 474 ’
690 450 1000 541 chiameapopuios
1020 453 1230 542 judicabunt:

129 539 178 606 In
199 540 551 633 dierildclangcturin
572 543 647 607 tuba
690 563 742 604 me
782 537 891 607 insuia
920 544 1162 630 expectabunt,
1201 559 1234 611 ct

73 635 238 718 magni,
261 643 294 696 at
316 633 445 698 venient
463 633 516 720 qni
532 633 647 721 perditi
689 628 858 700 brachium
883 653 990 695 meum
1017 633 1229 702 sustinebunt.

71 719 230 785 suerunt
254 717 293 786 de
315 725 399 785 terrai
424 721 646 810 Assyriorum,
688 717 779 785 Ibid.
805 720 857 783 51.
877 721 907 784 5.

70 819 110 872 et
145 808 213 895 qui
245 809 339 896 ejecti
372 823 465 875 erant
493 810 527 875 in
564 816 646 875 terrai
732 807 915 873 Eccletium
940 809 1066 873 inuitat
1083 811 1129 874 ud
1155 811 1234 875 40ῑί-

71 895 255 986 AEgypti,
284 910 316 962 ot
340 893 519 964 adorabunt
535 899 647 965 Domi·
689 895 792 969 tiam,
809 897 1106 988 uuddssaegentt'bttt
1120 900 1235 985 futura

71 1009 173 1050 num
193 987 230 1050 in
247 999 355 1052 monte
370 999 483 1054 sancto
497 988 531 1052 in
551 987 646 1054 Joru-
688 985 732 1048 eit
743 985 966 1059 numerosior,
980 992 1081 1071 quom
1091 1001 1162 1051 orat
1174 988 1234 1076 Sy·

71 1074 209 1140 salem.
223 1072 313 1141 lbid.
327 1097 379 1162 27.
400 1077 449 1143 15.
463 1075 549 1141 Vide
561 1077 642 1166 Cap.
688 1095 839 1164 anauga,
858 1088 888 1140 et
903 1097 964 1162 per
985 1074 1095 1138 orbem
1110 1098 1172 1164 pro
1194 1101 1233 1140 a·

81 1187 141 1252 ¹9·
171 1187 228 1250 17.
687 1161 988 1314 gaudeatulbid.
1000 1187 1026 1228 c.
1044 1163 1096 1242 54.
1108 1101 1227 1230 Virdo.

123 1253 273 1343 Agitur
293 1253 333 1316 de
359 1253 474 1340 futur-d
500 1255 646 1320 0000040-
711 1252 741 1315 5.
761 1253 791 1314 5.
1109 1267 1113 1273 ’

72 1343 203 1415 tiam,
238 1341 372 1416 muta,
401 1341 592 1416 securitate,
617 1357 647 1406 et
733 1338 898 1404 Adducam
911 1362 964 1404 coa
977 1337 1229 1424 (filioeadocnoe‚

69 1431 256 1518 felicitate
272 1437 429 1518 perpetuat
454 1452 567 1494 aarum
589 1432 648 1518 qui
688 1426 1031 1515 quinditoereatmilta]
1045 1429 1232 1498 inmontem
1291 1499 1294 1504 ,

70 1522 120 1582 in
155 1517 337 1584 Christum
365 1533 443 1582 auat
472 1517 642 1584 credituri.
688 1526 834 1581 sanctum
860 1540 992 1592 meum,
1016 1529 1048 1581 ct
1063 1515 1230 1585 laetificabo

73 1609 95 1673 1
101 1607 187 1672 tid.
213 1630 242 1670 c.
262 1607 312 1670 55.
687 1627 742 1668 eos
763 1604 797 1670 in
820 1605 919 1670 domo
940 1605 1091 1670 orationis
1114 1630 1191 1673 mcae
1220 1633 1228 1673 ε

133 1695 300 1772 Suscitari
334 1693 374 1760 ab
404 1692 584 1782 Aquilone,
614 1708 646 1760 et
686 1691 872 1760 holocausta
887 1716 1017 1771 eorum,
1041 1706 1074 1758 et
1094 1695 1229 1763 victimae

84 1782 216 1849 veniet
238 1783 275 1848 ab
290 1795 361 1847 ortu
388 1781 493 1850 solis:
523 1784 645 1850 vocavit
687 1805 798 1848 eorum
828 1782 1001 1871 placebunt
1022 1783 1108 1871 mihi
1135 1809 1230 1875 super
1272 1773 1280 1794 ’

82 1895 222 1938 nomen
234 1895 359 1948 meam,
376 1884 408 1936 et
423 1870 561 1938 adducet
575 1895 645 1938 naa·
687 1869 778 1936 altari
790 1895 862 1938 meo
881 1895 889 1936 :
909 1872 984 1959 quia
1003 1869 1116 1936 domus
1135 1898 1229 1950 mea,

73 1963 249 2048 gistratus
263 1951 352 2048 quasi
370 1959 493 2038 lutum,
511 1973 543 2026 et
558 1961 646 2026 relat
687 1959 1230 2031 domnaorationisvooabiturcunc·

74 2051 212 2138 plastes
259 2047 451 2116 conculcans
496 2048 640 2115 humum.
686 2048 726 2113 tis
742 2049 875 2138 populis.
890 2048 981 2116 Ibid.
999 2050 1051 2114 56.
1072 2075 1102 2136 7.

76 2139 97 2204 1
103 2139 183 2204 did.
201 2141 258 2218 4ι.
279 2139 332 2203 05.
731 2139 771 2201 lit
786 2135 996 2208 aanbulabunt
1010 2152 1120 2225 gentes
1135 2140 1167 2204 in
1184 2139 1229 2205 lu-

131 2227 211 2294 Noli
231 2227 361 2302 timere,
376 2227 451 2315 quia
466 2249 524 2314 ego
537 2239 645 2292 tecum
686 2223 773 2290 mine
785 2238 857 2301 tuo,
869 2238 930 2290 etr
950 2250 1003 2290 ves
1015 2227 1048 2291 ia
1059 2226 1227 2314 splendore

79 2340 162 2383 aum
182 2341 191 2383 :
218 2315 259 2384 ab
280 2316 403 2383 oriente
420 2313 577 2383 adducam
592 2337 644 2381 se-
686 2318 775 2379 ertias
783 2315 848 2390 tui,
862 2325 924 2380 etc.
960 2314 1026 2380 did.
1038 2316 1091 2381 60.
1108 2318 1138 2382 5.

78 2430 164 2472 mon
196 2418 310 2481 tuum,
344 2417 378 2470 et
407 2404 447 2473 oh
478 2404 644 2471 occidente
732 2403 932 2483 Quaesicrunt
967 2427 1043 2479 me,
1077 2406 1130 2494 qui
1156 2415 1230 2473 ante

78 2495 351 2585 congregabote,
363 2505 425 2559 etc.
437 2492 458 2562 I
461 2492 527 2558 bid.
539 2494 592 2573 45.
610 2496 639 2559 5.
685 2513 751 2557 non
768 2492 1024 2581 interrogabunt,
1041 2492 1231 2563 invenerunt

130 2586 213 2651 Haec
236 2583 315 2649 dicit
331 2582 485 2649 Dominus
510 2580 643 2648 :Labor
687 2581 742 2669 qui
757 2604 822 2648 non
834 2582 1026 2673 quaesierunt
1042 2605 1104 2648 mo.
1127 2585 1227 2651 Diri:

87 2670 236 2761 AEgypti,
250 2684 283 2738 ct
290 2672 464 2761 negotiatio
472 2670 643 2760 AEtiriopiae
687 2670 770 2737 Ecce
781 2692 840 2758 ego
855 2694 863 2735 :
878 2676 954 2738 ecce
969 2693 1027 2758 ego
1045 2671 1085 2735 ad
1101 2686 1228 2761 gentem

82 2774 117 2825 rt
136 2762 273 2827 sabaim
294 2760 353 2827 viri
376 2760 527 2826 sublimes
548 2760 588 2825 ad
612 2770 643 2826 te
684 2782 754 2848 quae
789 2783 855 2825 non
896 2760 1065 2825 invocabat
1111 2786 1227 2827 nomon

80 2851 300 2925 transibunt,
319 2862 351 2913 et
366 2849 548 2935 tuiveruat:
571 2863 643 2936 post
684 2872 803 2913 meum.
837 2847 979 2936 Expandi
1004 2871 1115 2913 manus
1143 2874 1228 2917 meae

81 2952 118 3003 to
140 2937 490 3019 ambalabunmincti
508 2938 642 3004 manicis
685 2936 1227 3027 totudieadpopulamincredulam,

83 3040 248 3115 pergent,
271 3038 304 3091 et
326 3025 572 3101 maducabant,
593 3038 642 3091 tc·
684 3026 737 3113 qui
754 3025 896 3114 graditur
920 3026 952 3091 in
982 3026 1029 3091 via
1056 3051 1120 3092 non
1143 3030 1227 3099 bonai

86 3138 159 3201 qno
175 3114 448 3203 deprecabuntur,
466 3127 528 3181 ete.
546 3114 637 3181 Ibid.
683 3127 757 3201 post
784 3115 992 3205 cogitationes
1020 3140 1102 3181 suas.
1133 3117 1224 3184 lutat.

91 3204 155 3281 45.
182 3206 229 3283 ι4.
467 3202 470 3209 “
684 3202 736 3267 65.
765 3227 792 3268 a.
807 3227 835 3267 a.
854 3204 977 3269 Video.
993 3203 1045 3269 66.
1067 3229 1114 3292 ι9.

140 3290 362 3358 Corutituitur
392 3291 541 3359 Christus
571 3293 641 3359 dux
698 3292 1227 3380 Etannuntiabuntgloriammeam

74 3382 289 3470 gentiumne
300 3381 496 3447 ludaeorum
510 3381 641 3449 satvan-
682 3380 850 3469 gentibus,
873 3395 905 3445 et
927 3380 1087 3448 adducent
1116 3408 1226 3452 omnes

75 3471 233 3543 dorum,
267 3471 430 3553 40500900
467 3470 506 3532 ia
538 3470 641 3557 faedus
681 3470 794 3534 fratres
809 3468 1107 3537 vestrosdecunctis
1127 3477 1226 3563 genti·

67 3558 202 3648 papati
235 3582 277 3623 ece
311 3559 406 3621 omni
432 3556 521 3622 ordia
545 3572 640 3646 purte
680 3558 742 3623 bus
758 3558 878 3625 donum
893 3558 1050 3635 Domino,
1068 3560 1100 3626 in
1116 3563 1224 3651 equis,

72 3646 269 3711 vocandi:
300 3660 330 3711 et
356 3652 481 3711 oetam
515 3655 640 3737 anagnu
682 3659 714 3712 et
730 3647 762 3711 in
778 3647 993 3801 90001οῐ90,οι
1001 3650 1033 3714 in
1050 3648 1181 3726 lecticis,
1190 3664 1222 3715 et

67 3736 245 3825 felicitate
256 3734 463 3802 medentium
473 3736 510 3798 ia
524 3733 640 3801 Chris-
681 3735 713 3801 in
729 3760 783 3800 mu
797 3737 837 3812 is,
846 3748 878 3801 et
886 3737 918 3801 in
933 3738 1072 3803 carrucis
1086 3738 1222 3803 admon-

70 3824 640 3914 tum,iaorteturcoeadgrutiurum
680 3824 1219 3901 tcmsanetummeumJerusalem,

68 3914 270 3989 actionem,
288 3927 346 3977 eto.
362 3911 450 3977 Itid.
467 3938 493 3975 c.
507 3915 558 3999 49.
681 3913 757 3981 dicit
772 3913 937 3980 Dominus.
952 3912 1003 3977 16.
1019 3914 1071 3974 66.
1095 3935 1142 3996 19.
1165 3937 1215 3981 ao.

130 4000 519 4089 Propocstjustusmous,
537 4024 637 4087 agras·
724 4006 876 4071 Domino.
899 3998 1050 4062 fortitudo
1074 4019 1165 4075 mea,
1189 4018 1220 4069 et
