<?xml version="1.0" encoding="UTF-8"?>
<!DOCTYPE html PUBLIC "-//W3C//DTD XHTML 1.0 Transitional//EN"
    "http://www.w3.org/TR/xhtml1/DTD/xhtml1-transitional.dtd">
<html xmlns="http://www.w3.org/1999/xhtml" xml:lang="en" lang="en">
 <head>
  <title>
</title>
<meta http-equiv="Content-Type" content="text/html;charset=utf-8" />
  <meta name='ocr-system' content='tesseract 3.04.00' />
  <meta name='ocr-capabilities' content='ocr_page ocr_carea ocr_par ocr_line ocrx_word'/>
</head>
<body>
  <div class='ocr_page' id='page_1' title='image "./thesaurusbiblic00merzgoog_0038.png"; bbox 0 0 2884 4725; ppageno 0'>
   <div class='ocr_carea' id='block_1_1' title="bbox 107 296 1442 1993">
    <p class='ocr_par' dir='ltr' id='par_1_1' title="bbox 107 296 1442 1993">
     <span class='ocr_line' id='line_1_1' title="bbox 230 296 1125 377; baseline -0.013 0"><span class='ocrx_word' id='word_1_1' title='bbox 230 334 268 377; x_wconf 81' lang='lat' dir='ltr'><strong>oe</strong></span> <span class='ocrx_word' id='word_1_2' title='bbox 448 302 545 373; x_wconf 80' lang='lat' dir='ltr'><strong>AEGR</strong></span> <span class='ocrx_word' id='word_1_3' title='bbox 1027 296 1125 368; x_wconf 74' lang='lat' dir='ltr'><strong>AEGR</strong></span> 
     </span>
     <span class='ocr_line' id='line_1_2' title="bbox 245 399 1381 507; baseline -0.013 -22"><span class='ocrx_word' id='word_1_4' title='bbox 245 480 247 485; x_wconf 81' lang='grc'>,</span> <span class='ocrx_word' id='word_1_5' title='bbox 271 421 336 507; x_wconf 76' lang='lat' dir='ltr'><strong>Ego</strong></span> <span class='ocrx_word' id='word_1_6' title='bbox 351 439 477 503; x_wconf 86' lang='lat' dir='ltr'><strong>quoque</strong></span> <span class='ocrx_word' id='word_1_7' title='bbox 496 399 564 479; x_wconf 70' lang='lat' dir='ltr'><strong>Dine</strong></span> <span class='ocrx_word' id='word_1_8' title='bbox 578 412 692 477; x_wconf 82' lang='lat' dir='ltr'><strong>sociam</strong></span> <span class='ocrx_word' id='word_1_9' title='bbox 708 434 766 476; x_wconf 83' lang='lat' dir='ltr'><strong>vo·</strong></span> <span class='ocrx_word' id='word_1_10' title='bbox 804 424 877 501; x_wconf 79' lang='lat' dir='ltr'><strong>poet</strong></span> <span class='ocrx_word' id='word_1_11' title='bbox 897 407 1088 475; x_wconf 78' lang='lat' dir='ltr'><strong>mirabilem</strong></span> <span class='ocrx_word' id='word_1_12' title='bbox 1113 406 1313 471; x_wconf 78' lang='lat' dir='ltr'><strong>vietor-iona</strong></span> <span class='ocrx_word' id='word_1_13' title='bbox 1335 407 1381 475; x_wconf 74' lang='lat' dir='ltr'><strong>de</strong></span> 
     </span>
     <span class='ocr_line' id='line_1_3' title="bbox 225 495 1379 589; baseline -0.009 -18"><span class='ocrx_word' id='word_1_14' title='bbox 225 507 300 571; x_wconf 75' lang='lat' dir='ltr'><strong>hist</strong></span> <span class='ocrx_word' id='word_1_15' title='bbox 323 504 465 570; x_wconf 84' lang='lat' dir='ltr'><strong>Visitabo</strong></span> <span class='ocrx_word' id='word_1_16' title='bbox 488 524 543 568; x_wconf 81' lang='lat' dir='ltr'><strong>vos</strong></span> <span class='ocrx_word' id='word_1_17' title='bbox 562 499 711 565; x_wconf 84' lang='lat' dir='ltr'><strong>velociter</strong></span> <span class='ocrx_word' id='word_1_18' title='bbox 733 498 765 563; x_wconf 94' lang='lat' dir='ltr'><strong>in</strong></span> <span class='ocrx_word' id='word_1_19' title='bbox 806 499 979 589; x_wconf 83' lang='lat' dir='ltr'><strong>Assyriis,</strong></span> <span class='ocrx_word' id='word_1_20' title='bbox 1006 519 1049 560; x_wconf 90' lang='lat' dir='ltr'><strong>ne</strong></span> <span class='ocrx_word' id='word_1_21' title='bbox 1070 495 1287 559; x_wconf 79' lang='lat' dir='ltr'><strong>miraculoso</strong></span> <span class='ocrx_word' id='word_1_22' title='bbox 1314 495 1379 561; x_wconf 80' lang='lat' dir='ltr'><strong>ime</strong></span> 
     </span>
     <span class='ocr_line' id='line_1_4' title="bbox 107 584 1374 681; baseline -0.01 -21"><span class='ocrx_word' id='word_1_23' title='bbox 107 626 109 631; x_wconf 60' lang='grc'>’</span> <span class='ocrx_word' id='word_1_24' title='bbox 224 605 379 681; x_wconf 81' lang='lat' dir='ltr'><strong>egestate,</strong></span> <span class='ocrx_word' id='word_1_25' title='bbox 403 603 436 655; x_wconf 83' lang='lat' dir='ltr'><strong>et</strong></span> <span class='ocrx_word' id='word_1_26' title='bbox 456 589 587 666; x_wconf 83' lang='lat' dir='ltr'><strong>ardore,</strong></span> <span class='ocrx_word' id='word_1_27' title='bbox 611 588 665 675; x_wconf 87' lang='lat' dir='ltr'><strong>qui</strong></span> <span class='ocrx_word' id='word_1_28' title='bbox 686 610 766 655; x_wconf 87' lang='lat' dir='ltr'><strong>eon-</strong></span> <span class='ocrx_word' id='word_1_29' title='bbox 808 584 1374 675; x_wconf 66' lang='lat' dir='ltr'><strong>triomphonimiomaetoiieretor.</strong></span> 
     </span>
     <span class='ocr_line' id='line_1_5' title="bbox 224 676 1060 765; baseline -0.012 -19"><span class='ocrx_word' id='word_1_30' title='bbox 224 682 311 747; x_wconf 85' lang='lat' dir='ltr'><strong>ficiat</strong></span> <span class='ocrx_word' id='word_1_31' title='bbox 321 677 430 745; x_wconf 84' lang='lat' dir='ltr'><strong>oeulos</strong></span> <span class='ocrx_word' id='word_1_32' title='bbox 445 690 583 753; x_wconf 87' lang='lat' dir='ltr'><strong>vestros,</strong></span> <span class='ocrx_word' id='word_1_33' title='bbox 600 688 634 741; x_wconf 88' lang='lat' dir='ltr'><strong>et</strong></span> <span class='ocrx_word' id='word_1_34' title='bbox 648 700 765 751; x_wconf 88' lang='lat' dir='ltr'><strong>eonsu-</strong></span> <span class='ocrx_word' id='word_1_35' title='bbox 807 678 838 754; x_wconf 69' lang='grc' dir='ltr'><strong>Δ.</strong></span> <span class='ocrx_word' id='word_1_36' title='bbox 857 676 935 765; x_wconf 79' lang='lat' dir='ltr'><strong>Reg.</strong></span> <span class='ocrx_word' id='word_1_37' title='bbox 957 696 1008 738; x_wconf 79' lang='lat' dir='ltr'><strong>oo.</strong></span> <span class='ocrx_word' id='word_1_38' title='bbox 1032 696 1060 736; x_wconf 90' lang='lat'><strong>1.</strong></span> 
     </span>
     <span class='ocr_line' id='line_1_6' title="bbox 224 758 1377 850; baseline -0.011 -13"><span class='ocrx_word' id='word_1_39' title='bbox 224 781 291 837; x_wconf 87' lang='lat' dir='ltr'><strong>mat</strong></span> <span class='ocrx_word' id='word_1_40' title='bbox 303 768 423 833; x_wconf 85' lang='lat' dir='ltr'><strong>animas</strong></span> <span class='ocrx_word' id='word_1_41' title='bbox 436 778 555 832; x_wconf 86' lang='lat' dir='ltr'><strong>vestras</strong></span> <span class='ocrx_word' id='word_1_42' title='bbox 570 790 577 830; x_wconf 94' lang='lat'><strong>:</strong></span> <span class='ocrx_word' id='word_1_43' title='bbox 592 766 707 831; x_wconf 75' lang='lat' dir='ltr'><strong>srustrt</strong></span> <span class='ocrx_word' id='word_1_44' title='bbox 720 787 765 828; x_wconf 86' lang='lat' dir='ltr'><strong>se·</strong></span> <span class='ocrx_word' id='word_1_45' title='bbox 840 760 1116 850; x_wconf 80' lang='lat' dir='ltr'><strong>AEgrotnvitetiam</strong></span> <span class='ocrx_word' id='word_1_46' title='bbox 1124 758 1377 825; x_wconf 74' lang='lat' dir='ltr'><strong>Asa—dolore</strong></span> 
     </span>
     <span class='ocr_line' id='line_1_7' title="bbox 224 848 1375 939; baseline -0.007 -17"><span class='ocrx_word' id='word_1_47' title='bbox 224 858 299 923; x_wconf 90' lang='lat' dir='ltr'><strong>retis</strong></span> <span class='ocrx_word' id='word_1_48' title='bbox 314 866 506 931; x_wconf 76' lang='lat' dir='ltr'><strong>sementem,</strong></span> <span class='ocrx_word' id='word_1_49' title='bbox 544 877 592 919; x_wconf 70' lang='lat' dir='ltr'><strong>uae</strong></span> <span class='ocrx_word' id='word_1_50' title='bbox 607 854 647 918; x_wconf 87' lang='lat' dir='ltr'><strong>ab</strong></span> <span class='ocrx_word' id='word_1_51' title='bbox 663 852 766 916; x_wconf 86' lang='lat' dir='ltr'><strong>hosti·</strong></span> <span class='ocrx_word' id='word_1_52' title='bbox 803 851 925 939; x_wconf 85' lang='lat' dir='ltr'><strong>pedum</strong></span> <span class='ocrx_word' id='word_1_53' title='bbox 937 848 1246 924; x_wconf 82' lang='lat' dir='ltr'><strong>vehementissimo,</strong></span> <span class='ocrx_word' id='word_1_54' title='bbox 1262 861 1298 913; x_wconf 86' lang='lat' dir='ltr'><strong>et</strong></span> <span class='ocrx_word' id='word_1_55' title='bbox 1310 873 1375 914; x_wconf 83' lang='lat' dir='ltr'><strong>nec</strong></span> 
     </span>
     <span class='ocr_line' id='line_1_8' title="bbox 223 878 1374 1024; baseline -0.007 -14"><span class='ocrx_word' id='word_1_56' title='bbox 223 944 504 1010; x_wconf 84' lang='lat' dir='ltr'><strong>busdevorabitur.</strong></span> <span class='ocrx_word' id='word_1_57' title='bbox 519 878 621 1008; x_wconf 58' lang='lat' dir='ltr'><strong>invit.</strong></span> <span class='ocrx_word' id='word_1_58' title='bbox 640 941 691 1005; x_wconf 77' lang='lat'><strong>26.</strong></span> <span class='ocrx_word' id='word_1_59' title='bbox 711 940 771 1005; x_wconf 70' lang='grc'><strong>16.</strong></span> <span class='ocrx_word' id='word_1_60' title='bbox 808 940 838 1005; x_wconf 91' lang='lat' dir='ltr'><strong>in</strong></span> <span class='ocrx_word' id='word_1_61' title='bbox 857 938 1041 1005; x_wconf 87' lang='lat' dir='ltr'><strong>infirmitate</strong></span> <span class='ocrx_word' id='word_1_62' title='bbox 1057 941 1113 1001; x_wconf 75' lang='lat' dir='ltr'><strong>sui</strong></span> <span class='ocrx_word' id='word_1_63' title='bbox 1127 937 1290 1024; x_wconf 65' lang='lat' dir='ltr'><strong>quaesivit</strong></span> <span class='ocrx_word' id='word_1_64' title='bbox 1304 938 1374 1002; x_wconf 88' lang='lat' dir='ltr'><strong>Do-</strong></span> 
     </span>
     <span class='ocr_line' id='line_1_9' title="bbox 269 1024 1373 1111; baseline -0.008 -12"><span class='ocrx_word' id='word_1_65' title='bbox 269 1032 398 1099; x_wconf 81' lang='lat' dir='ltr'><strong>Auseret</strong></span> <span class='ocrx_word' id='word_1_66' title='bbox 420 1032 574 1096; x_wconf 88' lang='lat' dir='ltr'><strong>Dominus</strong></span> <span class='ocrx_word' id='word_1_67' title='bbox 596 1036 614 1101; x_wconf 72' lang='lat' dir='ltr'><strong>t</strong></span> <span class='ocrx_word' id='word_1_68' title='bbox 644 1040 675 1093; x_wconf 88' lang='lat' dir='ltr'><strong>te</strong></span> <span class='ocrx_word' id='word_1_69' title='bbox 694 1051 765 1093; x_wconf 89' lang='lat' dir='ltr'><strong>om·</strong></span> <span class='ocrx_word' id='word_1_70' title='bbox 806 1028 948 1102; x_wconf 89' lang='lat' dir='ltr'><strong>minum,</strong></span> <span class='ocrx_word' id='word_1_71' title='bbox 965 1024 1022 1091; x_wconf 85' lang='lat' dir='ltr'><strong>sed</strong></span> <span class='ocrx_word' id='word_1_72' title='bbox 1040 1024 1140 1111; x_wconf 78' lang='lat' dir='ltr'><strong>magis</strong></span> <span class='ocrx_word' id='word_1_73' title='bbox 1157 1026 1197 1097; x_wconf 91' lang='lat' dir='ltr'><strong>in</strong></span> <span class='ocrx_word' id='word_1_74' title='bbox 1215 1026 1373 1091; x_wconf 89' lang='lat' dir='ltr'><strong>medico-</strong></span> 
     </span>
     <span class='ocr_line' id='line_1_10' title="bbox 223 1113 1371 1207; baseline -0.004 -21"><span class='ocrx_word' id='word_1_75' title='bbox 223 1144 296 1187; x_wconf 85' lang='lat' dir='ltr'><strong>nem</strong></span> <span class='ocrx_word' id='word_1_76' title='bbox 310 1119 556 1207; x_wconf 74' lang='lat' dir='ltr'><strong>languoremeet</strong></span> <span class='ocrx_word' id='word_1_77' title='bbox 566 1116 764 1182; x_wconf 82' lang='lat' dir='ltr'><strong>infirmitates</strong></span> <span class='ocrx_word' id='word_1_78' title='bbox 806 1140 879 1182; x_wconf 85' lang='lat' dir='ltr'><strong>rum</strong></span> <span class='ocrx_word' id='word_1_79' title='bbox 910 1126 977 1180; x_wconf 88' lang='lat' dir='ltr'><strong>arta</strong></span> <span class='ocrx_word' id='word_1_80' title='bbox 1000 1113 1139 1181; x_wconf 80' lang='lat' dir='ltr'><strong>confisus</strong></span> <span class='ocrx_word' id='word_1_81' title='bbox 1170 1126 1259 1188; x_wconf 79' lang='lat' dir='ltr'><strong>est3</strong></span> <span class='ocrx_word' id='word_1_82' title='bbox 1297 1114 1371 1181; x_wconf 72' lang='lat' dir='ltr'><strong>idei</strong></span> 
     </span>
     <span class='ocr_line' id='line_1_11' title="bbox 224 1203 1367 1297; baseline -0.003 -25"><span class='ocrx_word' id='word_1_83' title='bbox 224 1208 528 1297; x_wconf 82' lang='lat' dir='ltr'><strong>AEgyptipessimas.</strong></span> <span class='ocrx_word' id='word_1_84' title='bbox 542 1204 762 1293; x_wconf 83' lang='lat' dir='ltr'><strong>quesnovisti‚</strong></span> <span class='ocrx_word' id='word_1_85' title='bbox 806 1205 908 1269; x_wconf 88' lang='lat' dir='ltr'><strong>etiom</strong></span> <span class='ocrx_word' id='word_1_86' title='bbox 928 1218 1078 1267; x_wconf 78' lang='lat' dir='ltr'><strong>mortono</strong></span> <span class='ocrx_word' id='word_1_87' title='bbox 1093 1216 1148 1267; x_wconf 81' lang='lat' dir='ltr'><strong>est.</strong></span> <span class='ocrx_word' id='word_1_88' title='bbox 1178 1225 1212 1267; x_wconf 80' lang='lat' dir='ltr'><strong>n.</strong></span> <span class='ocrx_word' id='word_1_89' title='bbox 1243 1203 1367 1274; x_wconf 77' lang='lat' dir='ltr'><strong>Parni.</strong></span> 
     </span>
     <span class='ocr_line' id='line_1_12' title="bbox 222 1290 1296 1381; baseline -0.006 -18"><span class='ocrx_word' id='word_1_90' title='bbox 222 1320 288 1363; x_wconf 93' lang='lat' dir='ltr'><strong>non</strong></span> <span class='ocrx_word' id='word_1_91' title='bbox 314 1296 429 1363; x_wconf 86' lang='lat' dir='ltr'><strong>inseret</strong></span> <span class='ocrx_word' id='word_1_92' title='bbox 451 1295 533 1369; x_wconf 88' lang='lat' dir='ltr'><strong>tibi,</strong></span> <span class='ocrx_word' id='word_1_93' title='bbox 556 1294 611 1359; x_wconf 88' lang='lat' dir='ltr'><strong>sed</strong></span> <span class='ocrx_word' id='word_1_94' title='bbox 639 1294 764 1365; x_wconf 88' lang='lat' dir='ltr'><strong>eunctis</strong></span> <span class='ocrx_word' id='word_1_95' title='bbox 811 1293 860 1357; x_wconf 80' lang='lat'><strong>16.</strong></span> <span class='ocrx_word' id='word_1_96' title='bbox 884 1313 932 1355; x_wconf 83' lang='lat' dir='ltr'><strong>ra.</strong></span> <span class='ocrx_word' id='word_1_97' title='bbox 954 1290 1040 1354; x_wconf 81' lang='lat' dir='ltr'><strong>Vide</strong></span> <span class='ocrx_word' id='word_1_98' title='bbox 1054 1305 1084 1355; x_wconf 92' lang='lat' dir='ltr'><strong>et</strong></span> <span class='ocrx_word' id='word_1_99' title='bbox 1099 1293 1130 1369; x_wconf 78' lang='grc'><strong>4.</strong></span> <span class='ocrx_word' id='word_1_100' title='bbox 1149 1290 1238 1381; x_wconf 70' lang='lat' dir='ltr'><strong>Ing.</strong></span> <span class='ocrx_word' id='word_1_101' title='bbox 1267 1315 1296 1357; x_wconf 85' lang='grc' dir='ltr'><strong>ι.</strong></span> 
     </span>
     <span class='ocr_line' id='line_1_13' title="bbox 223 1374 1368 1468; baseline -0.005 -17"><span class='ocrx_word' id='word_1_102' title='bbox 223 1384 368 1451; x_wconf 73' lang='lat' dir='ltr'>hostibus</span> <span class='ocrx_word' id='word_1_103' title='bbox 383 1384 455 1453; x_wconf 89' lang='lat' dir='ltr'><strong>tuis.</strong></span> <span class='ocrx_word' id='word_1_104' title='bbox 471 1384 567 1454; x_wconf 83' lang='lat' dir='ltr'><strong>Dent.</strong></span> <span class='ocrx_word' id='word_1_105' title='bbox 577 1374 581 1385; x_wconf 80' lang='grc'>’</span> <span class='ocrx_word' id='word_1_106' title='bbox 591 1407 620 1468; x_wconf 87' lang='lat'><strong>7.</strong></span> <span class='ocrx_word' id='word_1_107' title='bbox 645 1383 693 1446; x_wconf 78' lang='lat'><strong>15.</strong></span> <span class='ocrx_word' id='word_1_108' title='bbox 851 1378 962 1446; x_wconf 83' lang='lat' dir='ltr'><strong>Sedet</strong></span> <span class='ocrx_word' id='word_1_109' title='bbox 980 1377 1067 1467; x_wconf 88' lang='lat' dir='ltr'><strong>lepra</strong></span> <span class='ocrx_word' id='word_1_110' title='bbox 1081 1378 1235 1445; x_wconf 82' lang='lat' dir='ltr'><strong>Noaman</strong></span> <span class='ocrx_word' id='word_1_111' title='bbox 1252 1379 1368 1445; x_wconf 65' lang='lat' dir='ltr'><strong>adheu-</strong></span> 
     </span>
     <span class='ocr_line' id='line_1_14' title="bbox 268 1467 1366 1555; baseline -0.004 -18"><span class='ocrx_word' id='word_1_112' title='bbox 268 1472 428 1537; x_wconf 87' lang='lat' dir='ltr'><strong>Pereutiut</strong></span> <span class='ocrx_word' id='word_1_113' title='bbox 439 1485 471 1537; x_wconf 89' lang='lat' dir='ltr'><strong>te</strong></span> <span class='ocrx_word' id='word_1_114' title='bbox 488 1470 643 1537; x_wconf 85' lang='lat' dir='ltr'>Dominus</span> <span class='ocrx_word' id='word_1_115' title='bbox 656 1468 764 1536; x_wconf 85' lang='lat' dir='ltr'><strong>ulcere</strong></span> <span class='ocrx_word' id='word_1_116' title='bbox 806 1468 889 1533; x_wconf 85' lang='lat' dir='ltr'><strong>rebit</strong></span> <span class='ocrx_word' id='word_1_117' title='bbox 900 1467 958 1531; x_wconf 89' lang='lat' dir='ltr'><strong>tibi</strong></span> <span class='ocrx_word' id='word_1_118' title='bbox 970 1478 1003 1533; x_wconf 88' lang='lat' dir='ltr'><strong>et</strong></span> <span class='ocrx_word' id='word_1_119' title='bbox 1014 1467 1126 1533; x_wconf 85' lang='lat' dir='ltr'><strong>semini</strong></span> <span class='ocrx_word' id='word_1_120' title='bbox 1138 1479 1200 1533; x_wconf 87' lang='lat' dir='ltr'><strong>tuo</strong></span> <span class='ocrx_word' id='word_1_121' title='bbox 1210 1475 1322 1555; x_wconf 75' lang='lat' dir='ltr'><strong>usque</strong></span> <span class='ocrx_word' id='word_1_122' title='bbox 1335 1470 1366 1533; x_wconf 94' lang='lat' dir='ltr'><strong>in</strong></span> 
     </span>
     <span class='ocr_line' id='line_1_15' title="bbox 221 1556 1367 1649; baseline -0.008 -21"><span class='ocrx_word' id='word_1_123' title='bbox 221 1560 371 1649; x_wconf 77' lang='lat' dir='ltr'><strong>AEgypti,</strong></span> <span class='ocrx_word' id='word_1_124' title='bbox 396 1572 428 1626; x_wconf 88' lang='lat' dir='ltr'><strong>et</strong></span> <span class='ocrx_word' id='word_1_125' title='bbox 450 1572 573 1648; x_wconf 91' lang='lat' dir='ltr'><strong>partem</strong></span> <span class='ocrx_word' id='word_1_126' title='bbox 596 1557 762 1645; x_wconf 84' lang='lat' dir='ltr'><strong>corporis,</strong></span> <span class='ocrx_word' id='word_1_127' title='bbox 806 1557 1045 1644; x_wconf 86' lang='lat' dir='ltr'><strong>sempiternum.</strong></span> <span class='ocrx_word' id='word_1_128' title='bbox 1072 1556 1113 1619; x_wconf 83' lang='lat' dir='ltr'><strong>Et</strong></span> <span class='ocrx_word' id='word_1_129' title='bbox 1132 1578 1291 1643; x_wconf 76' lang='lat' dir='ltr'><strong>egressus</strong></span> <span class='ocrx_word' id='word_1_130' title='bbox 1319 1569 1367 1621; x_wconf 83' lang='lat' dir='ltr'><strong>est</strong></span> 
     </span>
     <span class='ocr_line' id='line_1_16' title="bbox 221 1642 1442 1737; baseline -0.003 -23"><span class='ocrx_word' id='word_1_131' title='bbox 221 1670 280 1737; x_wconf 88' lang='lat' dir='ltr'><strong>per</strong></span> <span class='ocrx_word' id='word_1_132' title='bbox 295 1672 391 1736; x_wconf 84' lang='lat' dir='ltr'><strong>quom</strong></span> <span class='ocrx_word' id='word_1_133' title='bbox 411 1659 550 1715; x_wconf 87' lang='lat' dir='ltr'><strong>stercora</strong></span> <span class='ocrx_word' id='word_1_134' title='bbox 566 1657 762 1733; x_wconf 78' lang='lat' dir='ltr'><strong>egeruntur,</strong></span> <span class='ocrx_word' id='word_1_135' title='bbox 806 1645 893 1709; x_wconf 79' lang='lat' dir='ltr'><strong>obeo</strong></span> <span class='ocrx_word' id='word_1_136' title='bbox 900 1642 1043 1732; x_wconf 86' lang='lat' dir='ltr'><strong>leprosus</strong></span> <span class='ocrx_word' id='word_1_137' title='bbox 1050 1644 1217 1731; x_wconf 79' lang='lat' dir='ltr'><strong>quasinix.</strong></span> <span class='ocrx_word' id='word_1_138' title='bbox 1231 1648 1268 1725; x_wconf 76' lang='grc'><strong>4.</strong></span> <span class='ocrx_word' id='word_1_139' title='bbox 1279 1646 1361 1735; x_wconf 81' lang='lat' dir='ltr'><strong>lieg.</strong></span> <span class='ocrx_word' id='word_1_140' title='bbox 1440 1672 1442 1683; x_wconf 90' lang='lat'>·</span> 
     </span>
     <span class='ocr_line' id='line_1_17' title="bbox 222 1730 909 1824; baseline -0.006 -23"><span class='ocrx_word' id='word_1_141' title='bbox 222 1738 328 1804; x_wconf 79' lang='lat' dir='ltr'><strong>scabie</strong></span> <span class='ocrx_word' id='word_1_142' title='bbox 344 1730 469 1824; x_wconf 83' lang='lat' dir='ltr'><strong>quoqim</strong></span> <span class='ocrx_word' id='word_1_143' title='bbox 481 1748 513 1801; x_wconf 86' lang='lat' dir='ltr'><strong>et</strong></span> <span class='ocrx_word' id='word_1_144' title='bbox 523 1734 686 1822; x_wconf 77' lang='lat' dir='ltr'><strong>prurigine</strong></span> <span class='ocrx_word' id='word_1_145' title='bbox 697 1782 707 1807; x_wconf 91' lang='lat'><strong><em>,</em></strong></span> <span class='ocrx_word' id='word_1_146' title='bbox 719 1732 762 1796; x_wconf 81' lang='lat' dir='ltr'><strong>in</strong></span> <span class='ocrx_word' id='word_1_147' title='bbox 806 1732 837 1797; x_wconf 83' lang='lat'><strong>5.</strong></span> <span class='ocrx_word' id='word_1_148' title='bbox 857 1753 909 1818; x_wconf 77' lang='lat'><strong>27·</strong></span> 
     </span>
     <span class='ocr_line' id='line_1_18' title="bbox 223 1818 1363 1910; baseline -0.002 -21"><span class='ocrx_word' id='word_1_149' title='bbox 223 1837 258 1889; x_wconf 82' lang='lat' dir='ltr'><strong>ut</strong></span> <span class='ocrx_word' id='word_1_150' title='bbox 273 1826 378 1891; x_wconf 87' lang='lat' dir='ltr'><strong>curari</strong></span> <span class='ocrx_word' id='word_1_151' title='bbox 394 1846 541 1910; x_wconf 81' lang='lat' dir='ltr'><strong>nequeas.</strong></span> <span class='ocrx_word' id='word_1_152' title='bbox 558 1820 719 1886; x_wconf 87' lang='lat' dir='ltr'><strong>Pereutiat</strong></span> <span class='ocrx_word' id='word_1_153' title='bbox 731 1831 763 1883; x_wconf 87' lang='lat' dir='ltr'><strong>te</strong></span> <span class='ocrx_word' id='word_1_154' title='bbox 850 1820 891 1883; x_wconf 82' lang='lat' dir='ltr'><strong>Et</strong></span> <span class='ocrx_word' id='word_1_155' title='bbox 905 1842 943 1884; x_wconf 90' lang='lat' dir='ltr'><strong>su</strong></span> <span class='ocrx_word' id='word_1_156' title='bbox 985 1818 1085 1885; x_wconf 81' lang='lat' dir='ltr'><strong>rhaee</strong></span> <span class='ocrx_word' id='word_1_157' title='bbox 1101 1822 1214 1887; x_wconf 89' lang='lat' dir='ltr'><strong>omnia</strong></span> <span class='ocrx_word' id='word_1_158' title='bbox 1227 1844 1363 1910; x_wconf 85' lang='lat' dir='ltr'><strong>percus·</strong></span> 
     </span>
     <span class='ocr_line' id='line_1_19' title="bbox 221 1840 1361 1993; baseline -0.003 -17"><span class='ocrx_word' id='word_1_159' title='bbox 221 1912 377 1976; x_wconf 89' lang='lat' dir='ltr'><strong>Dominus</strong></span> <span class='ocrx_word' id='word_1_160' title='bbox 396 1909 533 1975; x_wconf 72' lang='lat' dir='ltr'><strong>amantii</strong></span> <span class='ocrx_word' id='word_1_161' title='bbox 553 1920 585 1971; x_wconf 88' lang='lat' dir='ltr'><strong>et</strong></span> <span class='ocrx_word' id='word_1_162' title='bbox 601 1908 760 1983; x_wconf 71' lang='lat' dir='ltr'><strong>caecitate,</strong></span> <span class='ocrx_word' id='word_1_163' title='bbox 804 1907 844 1971; x_wconf 87' lang='lat' dir='ltr'><strong>sit</strong></span> <span class='ocrx_word' id='word_1_164' title='bbox 856 1930 929 1972; x_wconf 88' lang='lat' dir='ltr'><strong>eum</strong></span> <span class='ocrx_word' id='word_1_165' title='bbox 944 1840 1105 1993; x_wconf 56' lang='lat' dir='ltr'><strong>iios-om)</strong></span> <span class='ocrx_word' id='word_1_166' title='bbox 1119 1907 1290 1976; x_wconf 84' lang='lat' dir='ltr'><strong>Dominus</strong></span> <span class='ocrx_word' id='word_1_167' title='bbox 1302 1910 1361 1976; x_wconf 79' lang='lat' dir='ltr'><strong>alvi</strong></span> 
     </span>
    </p>
   </div>
   <div class='ocr_carea' id='block_1_2' title="bbox 219 1992 1434 2365">
    <p class='ocr_par' dir='ltr' id='par_1_2' title="bbox 222 1992 1357 2175">
     <span class='ocr_line' id='line_1_20' title="bbox 222 1992 1357 2083; baseline -0.002 -20"><span class='ocrx_word' id='word_1_168' title='bbox 222 2022 260 2065; x_wconf 86' lang='lat' dir='ltr'><strong>ao</strong></span> <span class='ocrx_word' id='word_1_169' title='bbox 272 1997 380 2063; x_wconf 82' lang='lat' dir='ltr'><strong>surore</strong></span> <span class='ocrx_word' id='word_1_170' title='bbox 392 1996 518 2061; x_wconf 88' lang='lat' dir='ltr'><strong>mentis.</strong></span> <span class='ocrx_word' id='word_1_171' title='bbox 530 1994 550 2061; x_wconf 91' lang='lat'><em>1</em></span> <span class='ocrx_word' id='word_1_172' title='bbox 553 1994 619 2059; x_wconf 77' lang='lat' dir='ltr'><strong>bid.</strong></span> <span class='ocrx_word' id='word_1_173' title='bbox 637 1998 688 2059; x_wconf 77' lang='lat'><strong>28.</strong></span> <span class='ocrx_word' id='word_1_174' title='bbox 707 2016 758 2080; x_wconf 73' lang='lat'><strong>27.</strong></span> <span class='ocrx_word' id='word_1_175' title='bbox 804 1993 956 2083; x_wconf 79' lang='lat' dir='ltr'><strong>languore</strong></span> <span class='ocrx_word' id='word_1_176' title='bbox 972 1992 1148 2061; x_wconf 73' lang='lat' dir='ltr'><strong>insanabili.</strong></span> <span class='ocrx_word' id='word_1_177' title='bbox 1171 2016 1206 2060; x_wconf 78' lang='lat' dir='ltr'><strong>a.</strong></span> <span class='ocrx_word' id='word_1_178' title='bbox 1235 1999 1357 2064; x_wconf 79' lang='lat' dir='ltr'><strong>Por-ol.</strong></span> 
     </span>
     <span class='ocr_line' id='line_1_21' title="bbox 222 2081 931 2175; baseline -0.006 -20"><span class='ocrx_word' id='word_1_179' title='bbox 222 2086 358 2175; x_wconf 80' lang='lat' dir='ltr'><strong>Augebit</strong></span> <span class='ocrx_word' id='word_1_180' title='bbox 374 2085 529 2151; x_wconf 86' lang='lat' dir='ltr'><strong>Dominus</strong></span> <span class='ocrx_word' id='word_1_181' title='bbox 542 2081 650 2171; x_wconf 80' lang='lat' dir='ltr'><strong>plagas</strong></span> <span class='ocrx_word' id='word_1_182' title='bbox 665 2094 759 2159; x_wconf 88' lang='lat' dir='ltr'><strong>tuas,</strong></span> <span class='ocrx_word' id='word_1_183' title='bbox 806 2105 857 2149; x_wconf 82' lang='lat' dir='ltr'><strong>ar.</strong></span> <span class='ocrx_word' id='word_1_184' title='bbox 881 2086 931 2152; x_wconf 79' lang='lat'><strong>18.</strong></span> 
     </span>
    </p>

    <p class='ocr_par' dir='ltr' id='par_1_3' title="bbox 219 2168 1434 2365">
     <span class='ocr_line' id='line_1_22' title="bbox 221 2168 1359 2273; baseline 0 -34"><span class='ocrx_word' id='word_1_185' title='bbox 221 2186 254 2239; x_wconf 86' lang='lat' dir='ltr'><strong>et</strong></span> <span class='ocrx_word' id='word_1_186' title='bbox 274 2172 382 2262; x_wconf 79' lang='lat' dir='ltr'><strong>plagas</strong></span> <span class='ocrx_word' id='word_1_187' title='bbox 405 2172 534 2241; x_wconf 66' lang='lat' dir='ltr'><strong>semih&#39;s</strong></span> <span class='ocrx_word' id='word_1_188' title='bbox 560 2170 626 2247; x_wconf 88' lang='lat' dir='ltr'><strong>tui,</strong></span> <span class='ocrx_word' id='word_1_189' title='bbox 653 2170 761 2273; x_wconf 65' lang='lat' dir='ltr'><strong>plagas</strong></span> <span class='ocrx_word' id='word_1_190' title='bbox 845 2170 976 2261; x_wconf 77' lang='lat' dir='ltr'><strong>Impius</strong></span> <span class='ocrx_word' id='word_1_191' title='bbox 1001 2186 1032 2238; x_wconf 79' lang='lat' dir='ltr'><strong>et</strong></span> <span class='ocrx_word' id='word_1_192' title='bbox 1052 2168 1215 2261; x_wconf 80' lang='lat' dir='ltr'><strong>superbus</strong></span> <span class='ocrx_word' id='word_1_193' title='bbox 1230 2176 1359 2241; x_wconf 69' lang='lat' dir='ltr'><strong>Antio.</strong></span> 
     </span>
     <span class='ocr_line' id='line_1_23' title="bbox 219 2253 1434 2365; baseline 0.002 -38"><span class='ocrx_word' id='word_1_194' title='bbox 219 2284 369 2349; x_wconf 77' lang='lat' dir='ltr'><strong>magnas,</strong></span> <span class='ocrx_word' id='word_1_195' title='bbox 387 2274 420 2327; x_wconf 87' lang='lat' dir='ltr'><strong>et</strong></span> <span class='ocrx_word' id='word_1_196' title='bbox 434 2272 693 2365; x_wconf 74' lang='lat' dir='ltr'><strong>perseverantes,</strong></span> <span class='ocrx_word' id='word_1_197' title='bbox 710 2282 759 2323; x_wconf 81' lang='lat' dir='ltr'><strong>rn-</strong></span> <span class='ocrx_word' id='word_1_198' title='bbox 802 2258 881 2325; x_wconf 72' lang='lat' dir='ltr'><strong>enos</strong></span> <span class='ocrx_word' id='word_1_199' title='bbox 902 2284 962 2349; x_wconf 86' lang='lat' dir='ltr'><strong>per</strong></span> <span class='ocrx_word' id='word_1_200' title='bbox 981 2260 1163 2335; x_wconf 74' lang='lat' dir='ltr'><strong>morbum,</strong></span> <span class='ocrx_word' id='word_1_201' title='bbox 1189 2262 1233 2325; x_wconf 89' lang='lat' dir='ltr'><strong>in</strong></span> <span class='ocrx_word' id='word_1_202' title='bbox 1260 2286 1359 2349; x_wconf 75' lang='lat' dir='ltr'><strong>qoem</strong></span> <span class='ocrx_word' id='word_1_203' title='bbox 1430 2253 1434 2264; x_wconf 61' lang='lat'><strong>¹</strong></span> 
     </span>
    </p>
   </div>
   <div class='ocr_carea' id='block_1_3' title="bbox 208 2348 1429 4102">
    <p class='ocr_par' dir='ltr' id='par_1_4' title="bbox 208 2348 1429 4102">
     <span class='ocr_line' id='line_1_24' title="bbox 219 2348 1357 2439; baseline 0.002 -23"><span class='ocrx_word' id='word_1_204' title='bbox 219 2348 385 2416; x_wconf 82' lang='lat' dir='ltr'><strong>firmitates</strong></span> <span class='ocrx_word' id='word_1_205' title='bbox 411 2372 563 2438; x_wconf 80' lang='lat' dir='ltr'><strong>pessimos</strong></span> <span class='ocrx_word' id='word_1_206' title='bbox 590 2359 622 2414; x_wconf 90' lang='lat' dir='ltr'><strong>et</strong></span> <span class='ocrx_word' id='word_1_207' title='bbox 643 2371 760 2438; x_wconf 87' lang='lat' dir='ltr'><strong>perpe·</strong></span> <span class='ocrx_word' id='word_1_208' title='bbox 802 2348 942 2426; x_wconf 72' lang='lat' dir='ltr'><strong>insidit,</strong></span> <span class='ocrx_word' id='word_1_209' title='bbox 962 2350 1060 2439; x_wconf 82' lang='lat' dir='ltr'><strong>ooepit</strong></span> <span class='ocrx_word' id='word_1_210' title='bbox 1073 2350 1111 2414; x_wconf 86' lang='lat' dir='ltr'><strong>in</strong></span> <span class='ocrx_word' id='word_1_211' title='bbox 1126 2352 1357 2438; x_wconf 73' lang='lat' dir='ltr'><strong>cognitionem</strong></span> 
     </span>
     <span class='ocr_line' id='line_1_25' title="bbox 218 2437 1355 2528; baseline 0.001 -25"><span class='ocrx_word' id='word_1_212' title='bbox 218 2451 299 2504; x_wconf 84' lang='lat' dir='ltr'><strong>tuos.</strong></span> <span class='ocrx_word' id='word_1_213' title='bbox 317 2440 357 2504; x_wconf 88' lang='lat' dir='ltr'><strong>Et</strong></span> <span class='ocrx_word' id='word_1_214' title='bbox 377 2451 540 2506; x_wconf 87' lang='lat' dir='ltr'><strong>convertet</strong></span> <span class='ocrx_word' id='word_1_215' title='bbox 557 2439 589 2504; x_wconf 92' lang='lat' dir='ltr'><strong>in</strong></span> <span class='ocrx_word' id='word_1_216' title='bbox 601 2450 633 2503; x_wconf 92' lang='lat' dir='ltr'><strong>te</strong></span> <span class='ocrx_word' id='word_1_217' title='bbox 648 2459 759 2504; x_wconf 90' lang='lat' dir='ltr'><strong>omnes</strong></span> <span class='ocrx_word' id='word_1_218' title='bbox 800 2437 865 2504; x_wconf 90' lang='lat' dir='ltr'><strong>Dei</strong></span> <span class='ocrx_word' id='word_1_219' title='bbox 878 2453 909 2503; x_wconf 90' lang='lat' dir='ltr'><strong>et</strong></span> <span class='ocrx_word' id='word_1_220' title='bbox 921 2440 975 2504; x_wconf 83' lang='lat' dir='ltr'><strong>eoi</strong></span> <span class='ocrx_word' id='word_1_221' title='bbox 990 2439 1093 2528; x_wconf 76' lang='lat' dir='ltr'><strong>ipsios</strong></span> <span class='ocrx_word' id='word_1_222' title='bbox 1102 2441 1247 2506; x_wconf 83' lang='lat' dir='ltr'><strong>venire:</strong></span> <span class='ocrx_word' id='word_1_223' title='bbox 1267 2439 1355 2506; x_wconf 65' lang='lat' dir='ltr'><strong>onds</strong></span> 
     </span>
     <span class='ocr_line' id='line_1_26' title="bbox 218 2525 1355 2616; baseline 0.002 -26"><span class='ocrx_word' id='word_1_224' title='bbox 218 2525 393 2593; x_wconf 88' lang='lat' dir='ltr'><strong>assietiones</strong></span> <span class='ocrx_word' id='word_1_225' title='bbox 409 2527 556 2616; x_wconf 73' lang='lat' dir='ltr'><strong>AEgpr,</strong></span> <span class='ocrx_word' id='word_1_226' title='bbox 570 2549 649 2612; x_wconf 90' lang='lat' dir='ltr'><strong>quas</strong></span> <span class='ocrx_word' id='word_1_227' title='bbox 667 2526 759 2591; x_wconf 91' lang='lat' dir='ltr'><strong>timu·</strong></span> <span class='ocrx_word' id='word_1_228' title='bbox 800 2526 1002 2593; x_wconf 73' lang='lat' dir='ltr'><strong>eooiontooit</strong></span> <span class='ocrx_word' id='word_1_229' title='bbox 1014 2552 1026 2594; x_wconf 88' lang='lat'><strong>.·</strong></span> <span class='ocrx_word' id='word_1_230' title='bbox 1040 2526 1168 2593; x_wconf 84' lang='lat' dir='ltr'><strong>Justum</strong></span> <span class='ocrx_word' id='word_1_231' title='bbox 1181 2542 1233 2594; x_wconf 85' lang='lat' dir='ltr'><strong>ost</strong></span> <span class='ocrx_word' id='word_1_232' title='bbox 1245 2527 1355 2595; x_wconf 81' lang='lat' dir='ltr'><strong>subdi.</strong></span> 
     </span>
     <span class='ocr_line' id='line_1_27' title="bbox 217 2613 1351 2701; baseline 0.002 -23"><span class='ocrx_word' id='word_1_233' title='bbox 217 2613 281 2686; x_wconf 86' lang='lat' dir='ltr'><strong>isti,</strong></span> <span class='ocrx_word' id='word_1_234' title='bbox 292 2627 325 2678; x_wconf 88' lang='lat' dir='ltr'><strong>et</strong></span> <span class='ocrx_word' id='word_1_235' title='bbox 340 2614 547 2680; x_wconf 71' lang='lat' dir='ltr'><strong>adherebunt</strong></span> <span class='ocrx_word' id='word_1_236' title='bbox 562 2614 629 2680; x_wconf 85' lang='lat' dir='ltr'><strong>tibi.</strong></span> <span class='ocrx_word' id='word_1_237' title='bbox 649 2638 681 2678; x_wconf 84' lang='lat' dir='ltr'><strong>o.</strong></span> <span class='ocrx_word' id='word_1_238' title='bbox 702 2616 755 2701; x_wconf 81' lang='lat'><strong>59.</strong></span> <span class='ocrx_word' id='word_1_239' title='bbox 800 2626 868 2679; x_wconf 88' lang='lat' dir='ltr'><strong>tum</strong></span> <span class='ocrx_word' id='word_1_240' title='bbox 880 2638 949 2682; x_wconf 88' lang='lat' dir='ltr'><strong>esse</strong></span> <span class='ocrx_word' id='word_1_241' title='bbox 959 2615 1047 2693; x_wconf 85' lang='lat' dir='ltr'><strong>Deo,</strong></span> <span class='ocrx_word' id='word_1_242' title='bbox 1059 2629 1092 2682; x_wconf 88' lang='lat' dir='ltr'><strong>et</strong></span> <span class='ocrx_word' id='word_1_243' title='bbox 1102 2617 1351 2691; x_wconf 88' lang='lat' dir='ltr'><strong>mortalemnon</strong></span> 
     </span>
     <span class='ocr_line' id='line_1_28' title="bbox 263 2700 1347 2792; baseline 0.003 -28"><span class='ocrx_word' id='word_1_244' title='bbox 263 2700 407 2787; x_wconf 76' lang='lat' dir='ltr'><strong>cumque</strong></span> <span class='ocrx_word' id='word_1_245' title='bbox 418 2703 552 2768; x_wconf 81' lang='lat' dir='ltr'><strong>venisset</strong></span> <span class='ocrx_word' id='word_1_246' title='bbox 565 2701 634 2768; x_wconf 88' lang='lat' dir='ltr'><strong>Gad</strong></span> <span class='ocrx_word' id='word_1_247' title='bbox 646 2702 686 2768; x_wconf 86' lang='lat' dir='ltr'><strong>ud</strong></span> <span class='ocrx_word' id='word_1_248' title='bbox 697 2701 759 2767; x_wconf 88' lang='lat' dir='ltr'><strong>Da·</strong></span> <span class='ocrx_word' id='word_1_249' title='bbox 798 2704 1347 2792; x_wconf 77' lang='lat' dir='ltr'><strong>purinDeosentire.e.Moe!t.9.11.</strong></span> 
     </span>
     <span class='ocr_line' id='line_1_29' title="bbox 216 2787 1349 2882; baseline 0 -26"><span class='ocrx_word' id='word_1_250' title='bbox 216 2788 290 2862; x_wconf 80' lang='lat' dir='ltr'><strong>vid.</strong></span> <span class='ocrx_word' id='word_1_251' title='bbox 307 2787 757 2864; x_wconf 76' lang='lat' dir='ltr'><strong>nunciavitei,diaans:ttut</strong></span> <span class='ocrx_word' id='word_1_252' title='bbox 844 2791 995 2858; x_wconf 74' lang='lat' dir='ltr'><strong>Christos</strong></span> <span class='ocrx_word' id='word_1_253' title='bbox 1030 2794 1197 2860; x_wconf 78' lang='lat' dir='ltr'><strong>Dominus</strong></span> <span class='ocrx_word' id='word_1_254' title='bbox 1228 2794 1349 2882; x_wconf 64' lang='grc' dir='ltr'><strong>πρίω</strong></span> 
     </span>
     <span class='ocr_line' id='line_1_30' title="bbox 217 2875 1348 2969; baseline 0.003 -29"><span class='ocrx_word' id='word_1_255' title='bbox 217 2887 338 2962; x_wconf 82' lang='lat' dir='ltr'><strong>septem</strong></span> <span class='ocrx_word' id='word_1_256' title='bbox 355 2876 444 2940; x_wconf 86' lang='lat' dir='ltr'><strong>annis</strong></span> <span class='ocrx_word' id='word_1_257' title='bbox 466 2875 569 2943; x_wconf 84' lang='lat' dir='ltr'><strong>veniet</strong></span> <span class='ocrx_word' id='word_1_258' title='bbox 583 2878 640 2943; x_wconf 91' lang='lat' dir='ltr'><strong>tibi</strong></span> <span class='ocrx_word' id='word_1_259' title='bbox 657 2878 756 2944; x_wconf 84' lang='lat' dir='ltr'><strong>inmas</strong></span> <span class='ocrx_word' id='word_1_260' title='bbox 798 2879 947 2964; x_wconf 77' lang='lat' dir='ltr'><strong>infirmis</strong></span> <span class='ocrx_word' id='word_1_261' title='bbox 966 2881 1093 2951; x_wconf 77' lang='lat' dir='ltr'><strong>remisit</strong></span> <span class='ocrx_word' id='word_1_262' title='bbox 1106 2897 1265 2969; x_wconf 79' lang='lat' dir='ltr'><strong>peecata,</strong></span> <span class='ocrx_word' id='word_1_263' title='bbox 1283 2904 1348 2945; x_wconf 85' lang='lat' dir='ltr'><strong>on-</strong></span> 
     </span>
     <span class='ocr_line' id='line_1_31' title="bbox 217 2964 1347 3048; baseline 0.006 -20"><span class='ocrx_word' id='word_1_264' title='bbox 217 2964 249 3028; x_wconf 92' lang='lat' dir='ltr'><strong>in</strong></span> <span class='ocrx_word' id='word_1_265' title='bbox 266 2965 350 3026; x_wconf 82' lang='lat' dir='ltr'><strong>terni</strong></span> <span class='ocrx_word' id='word_1_266' title='bbox 363 2967 415 3032; x_wconf 74' lang='lat' dir='ltr'><strong>tut</strong></span> <span class='ocrx_word' id='word_1_267' title='bbox 431 2986 439 3026; x_wconf 91' lang='lat'><strong>:</strong></span> <span class='ocrx_word' id='word_1_268' title='bbox 454 2965 621 3030; x_wconf 83' lang='lat' dir='ltr'><strong>auttribus</strong></span> <span class='ocrx_word' id='word_1_269' title='bbox 636 2967 756 3031; x_wconf 85' lang='lat' dir='ltr'><strong>mensi·</strong></span> <span class='ocrx_word' id='word_1_270' title='bbox 798 2971 929 3048; x_wconf 77' lang='lat' dir='ltr'><strong>teqoom</strong></span> <span class='ocrx_word' id='word_1_271' title='bbox 943 2985 1165 3043; x_wconf 70' lang='lat' dir='ltr'><strong>consonaret,</strong></span> <span class='ocrx_word' id='word_1_272' title='bbox 1187 2986 1226 3035; x_wconf 87' lang='lat' dir='ltr'><strong>ot</strong></span> <span class='ocrx_word' id='word_1_273' title='bbox 1240 2986 1347 3035; x_wconf 74' lang='lat' dir='ltr'><strong>osten-</strong></span> 
     </span>
     <span class='ocr_line' id='line_1_32' title="bbox 217 3049 1345 3146; baseline 0.004 -31"><span class='ocrx_word' id='word_1_274' title='bbox 217 3051 276 3115; x_wconf 87' lang='lat' dir='ltr'><strong>bus</strong></span> <span class='ocrx_word' id='word_1_275' title='bbox 291 3049 390 3135; x_wconf 78' lang='lat' dir='ltr'><strong>fugies</strong></span> <span class='ocrx_word' id='word_1_276' title='bbox 407 3049 705 3117; x_wconf 84' lang='lat' dir='ltr'><strong>adversariostuos:</strong></span> <span class='ocrx_word' id='word_1_277' title='bbox 723 3065 756 3117; x_wconf 86' lang='lat' dir='ltr'><strong>at</strong></span> <span class='ocrx_word' id='word_1_278' title='bbox 797 3052 905 3124; x_wconf 82' lang='lat' dir='ltr'><strong>deret,</strong></span> <span class='ocrx_word' id='word_1_279' title='bbox 930 3056 1001 3124; x_wconf 82' lang='lat' dir='ltr'><strong>tima</strong></span> <span class='ocrx_word' id='word_1_280' title='bbox 1024 3058 1192 3146; x_wconf 74' lang='lat' dir='ltr'><strong>originem</strong></span> <span class='ocrx_word' id='word_1_281' title='bbox 1213 3055 1345 3123; x_wconf 77' lang='lat' dir='ltr'><strong>ntorbo-</strong></span> 
     </span>
     <span class='ocr_line' id='line_1_33' title="bbox 215 3136 1429 3234; baseline 0.004 -32"><span class='ocrx_word' id='word_1_282' title='bbox 215 3136 260 3202; x_wconf 84' lang='lat' dir='ltr'><strong>itti</strong></span> <span class='ocrx_word' id='word_1_283' title='bbox 281 3148 312 3200; x_wconf 88' lang='lat' dir='ltr'><strong>te</strong></span> <span class='ocrx_word' id='word_1_284' title='bbox 327 3149 556 3222; x_wconf 80' lang='lat' dir='ltr'><strong>persequentur</strong></span> <span class='ocrx_word' id='word_1_285' title='bbox 574 3161 582 3200; x_wconf 91' lang='lat'><strong>:</strong></span> <span class='ocrx_word' id='word_1_286' title='bbox 597 3151 652 3201; x_wconf 88' lang='lat' dir='ltr'><strong>aut</strong></span> <span class='ocrx_word' id='word_1_287' title='bbox 668 3146 756 3204; x_wconf 75' lang='lat' dir='ltr'><strong>certo</strong></span> <span class='ocrx_word' id='word_1_288' title='bbox 796 3161 874 3202; x_wconf 83' lang='lat' dir='ltr'><strong>rom</strong></span> <span class='ocrx_word' id='word_1_289' title='bbox 898 3163 962 3205; x_wconf 81' lang='lat' dir='ltr'><strong>esse</strong></span> <span class='ocrx_word' id='word_1_290' title='bbox 980 3161 1135 3228; x_wconf 77' lang='lat' dir='ltr'><strong>peccota,</strong></span> <span class='ocrx_word' id='word_1_291' title='bbox 1160 3137 1238 3210; x_wconf 77' lang='lat' dir='ltr'><strong>tom</strong></span> <span class='ocrx_word' id='word_1_292' title='bbox 1259 3145 1330 3234; x_wconf 81' lang='lat' dir='ltr'><strong>opti</strong></span> <span class='ocrx_word' id='word_1_293' title='bbox 1424 3162 1429 3233; x_wconf 69' lang='grc' dir='ltr'>Ι</span> 
     </span>
     <span class='ocr_line' id='line_1_34' title="bbox 214 3222 1343 3310; baseline 0.006 -22"><span class='ocrx_word' id='word_1_294' title='bbox 214 3223 315 3288; x_wconf 87' lang='lat' dir='ltr'><strong>tribus</strong></span> <span class='ocrx_word' id='word_1_295' title='bbox 333 3223 443 3287; x_wconf 86' lang='lat' dir='ltr'><strong>diebus</strong></span> <span class='ocrx_word' id='word_1_296' title='bbox 458 3225 519 3289; x_wconf 86' lang='lat' dir='ltr'><strong>erit</strong></span> <span class='ocrx_word' id='word_1_297' title='bbox 532 3222 708 3310; x_wconf 74' lang='lat' dir='ltr'><strong>pestilentia</strong></span> <span class='ocrx_word' id='word_1_298' title='bbox 721 3226 753 3290; x_wconf 89' lang='lat' dir='ltr'><strong>in</strong></span> <span class='ocrx_word' id='word_1_299' title='bbox 795 3249 888 3290; x_wconf 86' lang='lat' dir='ltr'><strong>mom</strong></span> <span class='ocrx_word' id='word_1_300' title='bbox 895 3235 1010 3294; x_wconf 72' lang='lat' dir='ltr'><strong>oontrae&#39;t</strong></span> <span class='ocrx_word' id='word_1_301' title='bbox 1020 3232 1148 3298; x_wconf 80' lang='lat' dir='ltr'><strong>morbos</strong></span> <span class='ocrx_word' id='word_1_302' title='bbox 1155 3234 1343 3303; x_wconf 75' lang='lat' dir='ltr'><strong>remedium</strong></span> 
     </span>
     <span class='ocr_line' id='line_1_35' title="bbox 214 3311 1338 3410; baseline 0.006 -35"><span class='ocrx_word' id='word_1_303' title='bbox 214 3315 298 3376; x_wconf 78' lang='lat' dir='ltr'><strong>terrfi</strong></span> <span class='ocrx_word' id='word_1_304' title='bbox 315 3313 366 3372; x_wconf 76' lang='lat' dir='ltr'><strong>turi</strong></span> <span class='ocrx_word' id='word_1_305' title='bbox 380 3359 389 3385; x_wconf 89' lang='lat'>‚</span> <span class='ocrx_word' id='word_1_306' title='bbox 402 3322 463 3374; x_wconf 88' lang='lat' dir='ltr'><strong>etc.</strong></span> <span class='ocrx_word' id='word_1_307' title='bbox 485 3333 513 3374; x_wconf 81' lang='lat' dir='ltr'><strong>a.</strong></span> <span class='ocrx_word' id='word_1_308' title='bbox 533 3311 610 3400; x_wconf 81' lang='lat' dir='ltr'><strong>Reg.</strong></span> <span class='ocrx_word' id='word_1_309' title='bbox 628 3314 679 3388; x_wconf 69' lang='lat'><strong>24.</strong></span> <span class='ocrx_word' id='word_1_310' title='bbox 700 3313 750 3376; x_wconf 76' lang='lat'><strong>15.</strong></span> <span class='ocrx_word' id='word_1_311' title='bbox 795 3336 858 3378; x_wconf 77' lang='lat' dir='ltr'><strong>esse</strong></span> <span class='ocrx_word' id='word_1_312' title='bbox 874 3319 1104 3404; x_wconf 69' lang='lat' dir='ltr'><strong>penitentiam</strong></span> <span class='ocrx_word' id='word_1_313' title='bbox 1124 3321 1164 3386; x_wconf 83' lang='lat' dir='ltr'><strong>de</strong></span> <span class='ocrx_word' id='word_1_314' title='bbox 1185 3322 1338 3410; x_wconf 79' lang='lat' dir='ltr'><strong>peoootir.</strong></span> 
     </span>
     <span class='ocr_line' id='line_1_36' title="bbox 215 3396 1335 3548; baseline 0.008 -86"><span class='ocrx_word' id='word_1_315' title='bbox 215 3397 411 3548; x_wconf 73' lang='lat' dir='ltr'><strong>immisitrpue</strong></span> <span class='ocrx_word' id='word_1_316' title='bbox 430 3396 585 3461; x_wconf 88' lang='lat' dir='ltr'><strong>Dominus</strong></span> <span class='ocrx_word' id='word_1_317' title='bbox 601 3397 752 3486; x_wconf 89' lang='lat' dir='ltr'><strong>pestilen-</strong></span> <span class='ocrx_word' id='word_1_318' title='bbox 794 3400 832 3466; x_wconf 83' lang='lat' dir='ltr'><em>M</em></span> <span class='ocrx_word' id='word_1_319' title='bbox 832 3402 914 3468; x_wconf 72' lang='lat' dir='ltr'><strong>otti.</strong></span> <span class='ocrx_word' id='word_1_320' title='bbox 935 3429 966 3492; x_wconf 81' lang='lat'><strong>9.</strong></span> <span class='ocrx_word' id='word_1_321' title='bbox 988 3427 1017 3470; x_wconf 81' lang='lat' dir='ltr'><strong>a.</strong></span> <span class='ocrx_word' id='word_1_322' title='bbox 1038 3407 1125 3472; x_wconf 79' lang='lat' dir='ltr'><strong>Vide</strong></span> <span class='ocrx_word' id='word_1_323' title='bbox 1138 3411 1244 3476; x_wconf 82' lang='lat' dir='ltr'><strong>etiam</strong></span> <span class='ocrx_word' id='word_1_324' title='bbox 1257 3409 1335 3477; x_wconf 76' lang='lat' dir='ltr'><strong>Lac.</strong></span> 
     </span>
     <span class='ocr_line' id='line_1_37' title="bbox 213 3483 1292 3573; baseline 0.006 -22"><span class='ocrx_word' id='word_1_325' title='bbox 213 3486 288 3551; x_wconf 84' lang='lat' dir='ltr'><strong>tiam</strong></span> <span class='ocrx_word' id='word_1_326' title='bbox 307 3485 338 3548; x_wconf 89' lang='lat' dir='ltr'><strong>in</strong></span> <span class='ocrx_word' id='word_1_327' title='bbox 378 3483 458 3548; x_wconf 67' lang='lat' dir='ltr'><strong>srael</strong></span> <span class='ocrx_word' id='word_1_328' title='bbox 476 3483 516 3547; x_wconf 85' lang='lat' dir='ltr'><strong>de</strong></span> <span class='ocrx_word' id='word_1_329' title='bbox 537 3491 631 3548; x_wconf 75' lang='lat' dir='ltr'><strong>mune</strong></span> <span class='ocrx_word' id='word_1_330' title='bbox 653 3493 752 3573; x_wconf 72' lang='lat' dir='ltr'><strong>usqne</strong></span> <span class='ocrx_word' id='word_1_331' title='bbox 794 3489 824 3552; x_wconf 80' lang='lat'><strong>5.</strong></span> <span class='ocrx_word' id='word_1_332' title='bbox 846 3513 897 3555; x_wconf 80' lang='lat' dir='ltr'><strong>no.</strong></span> <span class='ocrx_word' id='word_1_333' title='bbox 1288 3498 1292 3504; x_wconf 83' lang='grc'><em>“</em></span> 
     </span>
     <span class='ocr_line' id='line_1_38' title="bbox 212 3571 1338 3670; baseline 0.01 -33"><span class='ocrx_word' id='word_1_334' title='bbox 212 3573 251 3638; x_wconf 90' lang='lat' dir='ltr'><strong>ad</strong></span> <span class='ocrx_word' id='word_1_335' title='bbox 262 3571 750 3658; x_wconf 86' lang='lat' dir='ltr'><strong>tompusconstitutum,etmor-</strong></span> <span class='ocrx_word' id='word_1_336' title='bbox 834 3576 1338 3670; x_wconf 76' lang='lat' dir='ltr'><strong>IndignotorDominns,quod</strong></span> 
     </span>
     <span class='ocr_line' id='line_1_39' title="bbox 211 3657 1337 3754; baseline 0.01 -29"><span class='ocrx_word' id='word_1_337' title='bbox 211 3660 256 3726; x_wconf 92' lang='lat' dir='ltr'><strong>tui</strong></span> <span class='ocrx_word' id='word_1_338' title='bbox 273 3671 345 3723; x_wconf 91' lang='lat' dir='ltr'><strong>sunt</strong></span> <span class='ocrx_word' id='word_1_339' title='bbox 356 3681 394 3722; x_wconf 88' lang='lat' dir='ltr'><strong>ex</strong></span> <span class='ocrx_word' id='word_1_340' title='bbox 410 3657 556 3746; x_wconf 71' lang='lat' dir='ltr'><strong>populeis</strong></span> <span class='ocrx_word' id='word_1_341' title='bbox 569 3657 638 3724; x_wconf 91' lang='lat' dir='ltr'><strong>Dan</strong></span> <span class='ocrx_word' id='word_1_342' title='bbox 651 3685 750 3748; x_wconf 85' lang='lat' dir='ltr'><strong>usque</strong></span> <span class='ocrx_word' id='word_1_343' title='bbox 791 3685 908 3730; x_wconf 79' lang='lat' dir='ltr'><strong>novem</strong></span> <span class='ocrx_word' id='word_1_344' title='bbox 919 3671 1036 3754; x_wconf 77' lang='lat' dir='ltr'><strong>leprosi</strong></span> <span class='ocrx_word' id='word_1_345' title='bbox 1045 3669 1131 3735; x_wconf 78' lang='lat' dir='ltr'><strong>obeo</strong></span> <span class='ocrx_word' id='word_1_346' title='bbox 1141 3675 1256 3738; x_wconf 74' lang='lat' dir='ltr'><strong>eonati</strong></span> <span class='ocrx_word' id='word_1_347' title='bbox 1265 3671 1337 3736; x_wconf 78' lang='lat' dir='ltr'><strong>nol·</strong></span> 
     </span>
     <span class='ocr_line' id='line_1_40' title="bbox 211 3743 1332 3846; baseline 0.01 -34"><span class='ocrx_word' id='word_1_348' title='bbox 211 3749 251 3812; x_wconf 84' lang='lat' dir='ltr'><strong>ad</strong></span> <span class='ocrx_word' id='word_1_349' title='bbox 260 3743 745 3830; x_wconf 66' lang='lat' dir='ltr'><strong>Bersabeeyo.miliiuuiroruur.</strong></span> <span class='ocrx_word' id='word_1_350' title='bbox 792 3750 919 3840; x_wconf 79' lang='lat' dir='ltr'><strong>losipsi</strong></span> <span class='ocrx_word' id='word_1_351' title='bbox 938 3757 1067 3842; x_wconf 73' lang='lat' dir='ltr'><strong>gratioe</strong></span> <span class='ocrx_word' id='word_1_352' title='bbox 1084 3776 1189 3846; x_wconf 70' lang='lat' dir='ltr'><strong>ogont</strong></span> <span class='ocrx_word' id='word_1_353' title='bbox 1227 3746 1332 3824; x_wconf 73' lang='lat' dir='ltr'><strong>rono-</strong></span> 
     </span>
     <span class='ocr_line' id='line_1_41' title="bbox 208 3833 1328 3934; baseline 0.012 -39"><span class='ocrx_word' id='word_1_354' title='bbox 208 3860 241 3903; x_wconf 82' lang='lat' dir='ltr'><strong>o.</strong></span> <span class='ocrx_word' id='word_1_355' title='bbox 265 3837 314 3898; x_wconf 77' lang='lat'><strong>15.</strong></span> <span class='ocrx_word' id='word_1_356' title='bbox 331 3833 499 3898; x_wconf 66' lang='lat' dir='ltr'><strong>Videor.</strong></span> <span class='ocrx_word' id='word_1_357' title='bbox 525 3834 573 3896; x_wconf 77' lang='lat'><strong>16.</strong></span> <span class='ocrx_word' id='word_1_358' title='bbox 791 3845 1175 3934; x_wconf 69' lang='lat' dir='ltr'><strong>reptosonitotisgrotiet.</strong></span> <span class='ocrx_word' id='word_1_359' title='bbox 1217 3871 1328 3931; x_wconf 63' lang='lat' dir='ltr'><strong>serp.</strong></span> 
     </span>
     <span class='ocr_line' id='line_1_42' title="bbox 253 3919 847 4010; baseline 0.007 -26"><span class='ocrx_word' id='word_1_360' title='bbox 253 3922 288 3985; x_wconf 88' lang='lat' dir='ltr'><strong>in</strong></span> <span class='ocrx_word' id='word_1_361' title='bbox 301 3919 413 3984; x_wconf 83' lang='lat' dir='ltr'><strong>diebus</strong></span> <span class='ocrx_word' id='word_1_362' title='bbox 430 3920 490 3984; x_wconf 79' lang='lat' dir='ltr'><strong>iliis</strong></span> <span class='ocrx_word' id='word_1_363' title='bbox 502 3922 663 4006; x_wconf 67' lang='lat' dir='ltr'><strong>aegrotarit</strong></span> <span class='ocrx_word' id='word_1_364' title='bbox 673 3925 748 3992; x_wconf 76' lang='lat' dir='ltr'><strong>Eoo·</strong></span> <span class='ocrx_word' id='word_1_365' title='bbox 797 3950 847 4010; x_wconf 79' lang='lat'><strong>¹7·</strong></span> 
     </span>
     <span class='ocr_line' id='line_1_43' title="bbox 208 4008 1329 4102; baseline 0.009 -27"><span class='ocrx_word' id='word_1_366' title='bbox 208 4008 403 4094; x_wconf 83' lang='lat' dir='ltr'><strong>ohiususquo</strong></span> <span class='ocrx_word' id='word_1_367' title='bbox 415 4009 598 4102; x_wconf 85' lang='lat' dir='ltr'><strong>admortem</strong></span> <span class='ocrx_word' id='word_1_368' title='bbox 611 4031 619 4072; x_wconf 75' lang='grc' dir='ltr'><strong><em>ε</em></strong></span> <span class='ocrx_word' id='word_1_369' title='bbox 634 4033 747 4098; x_wconf 76' lang='lat' dir='ltr'><strong>nenspc</strong></span> <span class='ocrx_word' id='word_1_370' title='bbox 835 4015 946 4081; x_wconf 73' lang='lat' dir='ltr'><strong>Postat</strong></span> <span class='ocrx_word' id='word_1_371' title='bbox 963 4017 1080 4086; x_wconf 77' lang='lat' dir='ltr'><strong>intonit</strong></span> <span class='ocrx_word' id='word_1_372' title='bbox 1099 4047 1173 4091; x_wconf 84' lang='lat' dir='ltr'><strong>eum</strong></span> <span class='ocrx_word' id='word_1_373' title='bbox 1190 4023 1281 4090; x_wconf 69' lang='lat' dir='ltr'><strong>iesus</strong></span> <span class='ocrx_word' id='word_1_374' title='bbox 1298 4021 1329 4085; x_wconf 89' lang='lat' dir='ltr'><strong>in</strong></span> 
     </span>
    </p>
   </div>
   <div class='ocr_carea' id='block_1_4' title="bbox 0 0 1446 4725">
    <p class='ocr_par' dir='ltr' id='par_1_5' title="bbox 0 0 1446 4725">
     <span class='ocr_line' id='line_1_44' title="bbox 0 0 1446 4725; baseline 0 5"><span class='ocrx_word' id='word_1_375' title='bbox 0 0 1446 4725; x_wconf 95' lang='lat' dir='ltr'><strong> </strong></span> 
     </span>
    </p>
   </div>
  </div>
 </body>
</html>
