2884 4725
330 215 409 285 lllD
873 209 953 281 JUD
1151 217 1215 309 509

89 330 173 401 vidit
200 352 313 404 omnes
349 328 432 397 filios
465 328 633 396 bominum
673 325 845 412 uuicuique
863 323 1118 393 seeundumrias
1142 351 1215 395 suos

28 445 32 454 ’
89 421 183 489 Psul.
202 421 256 487 59.
278 420 328 485 95.
346 419 410 499 Qui
420 417 511 484 linxit
526 416 637 505 singil-
674 427 708 481 et
741 412 918 479 secundum
953 414 1094 481 fructum
1127 416 1216 483 udin·

28 543 32 580 ε
89 509 183 577 lutim
209 508 308 576 corda
324 532 436 578 eorum
451 507 527 595 :qui
546 505 637 573 iutel-
676 504 949 590 ventionumejus.
961 502 1012 570 lt.
1025 506 1077 571 59.
1094 508 1143 573 18.
1163 530 1214 595 ¹9·

29 655 42 668 ..
89 600 162 688 ligit
176 599 284 666 omniu
306 596 634 685 opereeorum.o.15.'
722 593 816 658 Certe
834 592 946 667 vides,
969 592 1016 657 fili
1045 594 1183 662 hominis
1205 646 1217 672 ,

28 725 34 762 ·,
138 688 224 767 Quis
246 686 386 753 teuebrae
400 708 466 751 non
483 686 636 752 obscure·
675 707 746 771 quse
758 682 896 748 seniores
917 679 1031 749 domus
1055 682 1152 749 lsrael
1169 683 1185 749 l
1201 722 1218 733 -

30 831 45 851 2.
89 778 215 842 buntur
229 783 247 841 b
263 788 314 852 te,
339 787 372 841 et
396 798 460 839 nox
475 774 558 839 siem
570 772 637 839 dies
676 772 765 853 ciunt
781 772 813 837 in
829 771 988 847 tenebris,
1002 773 1218 861 unusquisque

28 905 48 944 o
91 865 326 935 illuminabitur
355 887 364 929 :
388 864 472 931 sicut
494 863 636 929 tenebrae
676 860 709 925 iu
725 860 912 925 abscondito
931 860 1071 927 cubiculi
1087 862 1144 928 sui.
1160 862 1215 927 Di-

90 957 181 1043 ejus,
198 954 242 1020 iu
261 966 295 1019 et
315 952 423 1018 lumen
445 953 527 1040 ejus.
545 952 633 1018 Psol.
676 960 756 1015 cunt
767 951 870 1015 enim:
886 950 957 1015 Non
967 949 1051 1015 ridet
1061 950 1218 1017 Dominus

96 1046 171 1111 158.
191 1065 242 1109 te.
621 1050 628 1065 ⁶
677 1063 755 1115 uos,
783 1036 954 1127 dereliquit
976 1038 1133 1107 Dominus
1159 1052 1221 1107 ter·

28 1145 45 1217 ἑ,
137 1130 280 1219 Respicit
291 1131 447 1198 Dominus
459 1130 524 1195 rias
535 1130 639 1196 bomi-
677 1152 758 1195 ram.
776 1127 892 1195 Esccb.
912 1132 943 1193 8.
960 1152 1009 1193 rs.
1069 1170 1072 1177 ,

93 1223 324 1297 nis‚et0mnes
335 1242 460 1309 gressus
475 1218 546 1308 ejus
557 1242 638 1287 con·
725 1219 794 1307 lpse
828 1215 946 1283 revelat
972 1210 1130 1306 profunda
1147 1268 1159 1294 ,
1188 1229 1221 1285 et

28 1357 54 1396 ‚3
90 1311 225 1377 siderat.
244 1310 345 1375 Pron.
362 1310 393 1373 ⁵.
405 1332 458 1373 or.
679 1305 879 1379 abscondito,
890 1307 1020 1372 etnovit
1031 1307 1064 1372 in
1079 1308 1220 1373 tenebris

28 1453 32 1488 Α,
46 1463 55 1482 ,
139 1400 214 1487 lpse
229 1398 347 1485 (Dece)
360 1397 639 1486 agnoscitomnom
680 1396 875 1469 constitute:
897 1409 928 1462 et
944 1395 998 1465 lux
1009 1419 1084 1463 cum
1099 1420 1138 1463 eo
1157 1408 1217 1461 ests

28 1533 55 1577 o,
91 1510 227 1577 opernm
243 1485 391 1553 bominis.
410 1487 636 1554 Ecclimbso.
682 1488 772 1555 Dan.
785 1509 814 1551 9.
833 1508 885 1549 99.

36 1635 39 1642 .
141 1578 184 1641 Et
194 1576 302 1643 omnis
314 1596 410 1663 opera
421 1574 549 1644 illorum
564 1574 641 1659 (bo-
727 1576 766 1641 llt
781 1574 841 1639 erit
853 1574 884 1639 in
896 1572 1121 1662 temporeillo:
1136 1598 1223 1640 scru-

28 1657 47 1733 Ῐ”,
93 1668 254 1751 minum)
285 1663 372 1729 velut
393 1663 442 1729 sol
476 1664 508 1732 iu
546 1686 641 1728 cons·
681 1664 775 1734 tobor
800 1659 977 1730 Jerusalem
1004 1663 1036 1728 in
1056 1663 1221 1729 lucernis:

94 1765 198 1843 pactu
220 1754 304 1819 Dei:
327 1764 360 1818 et
375 1751 461 1829 oculi
483 1752 553 1840 ejus
573 1751 642 1817 sine
683 1765 715 1819 et
726 1753 859 1821 visitabo
881 1776 977 1841 super
999 1752 1082 1817 viros
1103 1752 1224 1819 defixos

28 1900 54 1922 x.
97 1840 336 1912 intermissione
369 1841 572 1931 inspicientes
608 1840 641 1904 in
683 1842 715 1908 in
731 1842 860 1907 saecibus
875 1842 939 1907 suis
956 1866 965 1907 t
983 1843 1037 1930 qui
1053 1842 1164 1908 dicunt
1190 1843 1224 1909 in

28 1927 52 2014 ‘J
96 1933 158 2000 viis
168 1954 291 1999 eorum.
313 1930 383 1997 Non
399 1942 473 1997 sunt
488 1930 642 1996 absconsa
683 1930 833 2007 cordibus
848 1932 912 2000 suis
927 1952 935 1995 t
951 1932 1022 1999 Non
1038 1932 1132 1997 societ
1143 1933 1228 1997 bene

32 2025 37 2035 '
97 2032 289 2089 testamento
300 2042 359 2107 per
369 2018 569 2108 iniquitatem
577 2015 644 2086 illo
683 2020 861 2096 Dominus,
878 2032 910 2087 et
932 2044 997 2086 non
1021 2021 1116 2089 faciet
1132 2019 1226 2087 mule.

97 2135 191 2187 rum,
208 2122 243 2174 et
256 2132 368 2175 omnes
391 2109 572 2197 iniquitates
586 2130 643 2171 eo-
684 2110 730 2175 So
754 2108 786 2173 b.
802 2133 828 2172 t.
846 2132 895 2175 ru.

28 2211 43 2251 ἕ
98 2200 173 2270 rum
209 2199 429 2284 inconspectu
455 2198 525 2266 Dei.
550 2194 641 2261 Ibid.
729 2133 758 2261 lt

761 2197 888 2263 ominus
914 2198 1038 2285 justus,
1067 2199 1100 2266 iu
1122 2196 1231 2268 medio
1277 2180 1279 2187 ,

30 2280 51 2309 ²‘”
105 2314 158 2376 ¹7·
182 2289 301 2375 9597.
322 2285 409 2354 Vide
423 2311 451 2353 c.
468 2288 520 2351 95.
542 2307 594 2372 29.
687 2286 758 2375 ejus
783 2308 848 2352 nou
879 2286 974 2352 saciet
1004 2287 1231 2376 iniquitatem:

35 2452 38 2458 A
150 2376 254 2464 Opera
284 2377 514 2445 omnisomnis
536 2395 646 2442 coram
686 2381 800 2452 mene,
825 2381 920 2442 mane
949 2375 1107 2463 judicium
1137 2401 1232 2446 suum

29 2460 41 2528 ἵ.
102 2466 162 2536 illo
172 2467 278 2552 (Deo),
294 2478 398 2531 etnon
410 2476 458 2532 est
472 2464 646 2553 quidquam
688 2465 778 2532 dubit
789 2466 822 2533 in
834 2464 941 2530 lucem
953 2517 962 2542 ,
974 2477 1007 2530 et
1022 2487 1087 2532 non
1100 2467 1233 2534 ubscuri-

28 2563 42 2640 'j
102 2553 327 2624 absconditum
343 2554 382 2619 ab
398 2553 501 2621 oculis
520 2553 600 2639 ejus.
619 2551 647 2619 Α
688 2556 783 2629 detur
804 2578 812 2619 :
833 2555 965 2620 nescivit
981 2567 1089 2620 sutem
1106 2556 1234 2642 iniquus

28 2638 47 2732 ’,ζ’
102 2642 222 2715 soeculo
236 2649 336 2730 usquc
359 2643 393 2707 in
407 2642 558 2718 soeculum
580 2666 647 2708 res-
689 2643 910 2711 confusionem
925 2668 1031 2709 suom.
1045 2643 1135 2710 Ibid.
1152 2643 1182 2708 5.
1199 2645 1231 2710 5.

28 2818 34 2843 μ
100 2734 202 2823 picit,
219 2745 252 2802 et
270 2730 351 2799 nihil
372 2745 421 2798 est
447 2730 592 2799 mirabile
615 2731 648 2796 in
735 2732 1079 2801 Etaccedomsdvosin
1098 2733 1237 2820 judicio,

101 2834 281 2910 conspectu
304 2821 385 2908 ejus·
404 2820 494 2886 lbid.
521 2821 573 2910 59.
593 2822 645 2898 sd.
691 2834 723 2887 et
738 2845 793 2886 ero
807 2823 896 2888 testis
913 2820 1002 2888 velox
1020 2821 1237 2900 maleficis,et

29 2912 31 2921 '
103 2914 158 2978 95.
178 2911 210 2974 V
211 2911 267 2980 ido
279 2934 306 2976 c.
321 2913 375 2989 49.
389 2930 441 2976 so.
692 2909 864 2988 adulteris,
888 2921 921 2978 ct
942 2912 1101 3001 perjuris,
1128 2925 1160 2980 et
1182 2907 1240 3000 qui

148 2999 288 3066 Putasne
312 3000 437 3074 Deusb
463 2999 568 3073 ricino
591 3020 650 3084 ego
692 2999 929 3075 calumniantur
955 3002 1139 3068 mercedem
1156 3025 1241 3066 mer--

28 3095 52 3173 »¹¹
102 3111 199 3165 sum,
226 3088 303 3158 dicit
328 3088 511 3163 Dominus,
535 3100 569 3153 et
586 3107 651 3158 non
693 3090 831 3156 cenerii:
851 3088 1110 3180 (corcordiam)
1126 3089 1237 3159 viduas

38 3176 51 3221 ¹⁸
100 3175 371 3265 Deusdelonnbl
388 3177 424 3244 Si
435 3175 652 3250 occultabitur
693 3190 726 3247 et
740 3177 895 3267 pupillos,
908 3190 940 3244 et
952 3181 1139 3268 opprimunt
1149 3203 1239 3268 pere-

30 3263 53 3325 .”
101 3268 154 3332 vir
173 3265 413 3340 inobsconditis
436 3278 494 3332 :et
515 3289 575 3353 ego
587 3287 652 3336 oon
715 3269 839 3343 riuum,
868 3291 929 3333 nec
964 3269 1140 3336 timuerunt
1161 3293 1238 3350 me,

101 3355 222 3424 videbo
248 3378 344 3430 eum,
365 3354 444 3426 dicit
463 3355 653 3429 Dominus?
718 3357 775 3424 ‘cit
822 3357 978 3425 Dominus
1026 3359 1235 3426 exercituum.

100 3444 230 3512 Jorem.
251 3444 305 3513 95.
323 3440 376 3508 95.
399 3447 451 3523 94.
695 3443 841 3514 Maluelu
861 3447 892 3510 5.
912 3445 942 3510 5.

29 3570 57 3603 c
153 3530 358 3610 Fortissime,
384 3555 519 3620 magne,
544 3544 575 3599 et
593 3553 654 3620 po-
739 3535 838 3607 Vivus
858 3546 906 3600 est
918 3535 1005 3603 enim
1028 3559 1134 3602 sermo
1158 3537 1217 3602 Dei
1230 3575 1245 3614 ,2

102 3636 202 3696 tens,
220 3620 375 3690 Dominus
389 3623 587 3690 exercituum
599 3643 655 3685 no·
696 3623 1240 3729 etellicnx,etpenetrubilioromui

101 3709 271 3779 mentiti.
290 3710 424 3800 blegnus
446 3710 600 3787 consilio,
623 3721 656 3775 st
697 3712 802 3801 gladio
828 3713 982 3801 ancipiti:
1007 3726 1040 3779 et
1060 3715 1244 3802 pertingens

47 3836 51 3844 ι

29 3858 56 3887 b‘1'

35 3913 63 3957 Α

35 3976 38 4002 l

49 4078 57 4093 .

29 4096 62 4164 ,r

99 3799 656 3887 incomptnltenslbiliscogitatum·
698 3807 799 3889 usque
811 3803 851 3869 ud
862 3802 1049 3870 divisionem
1062 3805 1173 3870 anime
1184 3853 1194 3877 ,
1204 3825 1243 3870 ac

100 3887 657 3980 jusoculiopertistmtsuperomncs
699 3891 848 3979 spiritus,
880 3915 1074 3978 compagum
1115 3914 1242 3978 quoquo

102 3979 174 4048 rins
190 3977 339 4071 ,timum
351 3977 472 4056 tum,
489 3991 525 4047 ut
542 3976 658 4053 reddas
699 4001 738 4044 oc
765 3978 995 4053 medullarum,
1027 3990 1059 4040 ot
1089 3979 1250 4051 discretor
