2884 4725
241 302 303 403 196
501 306 587 375 CON
1051 295 1138 377 GON

281 420 440 489 Adeamus
458 423 534 507 ergo
561 439 636 485 cum
659 416 781 484 {iducid
872 416 1105 487 convertimini
1115 419 1158 485 ad
1169 440 1245 497 me,
1263 420 1391 488 aitDo

238 512 279 577 cd
297 510 449 575 thronum
464 507 573 595 gratiae
587 531 596 573 ι
611 518 646 571 ut
656 507 784 573 miseri·
827 508 934 573 minus
949 508 1174 575 exercituum:
1193 521 1228 575 ct
1245 532 1389 577 eonver-
1418 512 1419 555 t

237 597 380 667 cordiam
395 618 647 685 consequamur,
666 608 699 661 ct
714 619 785 685 gra·
827 596 1011 662 taradros.
1026 598 1128 663 Zuolt.
1149 622 1177 663 1.
1189 600 1222 664 5.
1238 599 1389 666 Conver-

237 690 314 754 tiam
358 686 554 751 inveniamus
592 685 626 751 in
667 684 785 751 auxilio
826 686 930 752 timini
938 684 980 751 de
991 685 1050 752 viis
1061 686 1293 754 vestrismalis.
1303 694 1385 768 cad

236 786 428 867 opportuno.
447 773 550 840 Hebr.
569 778 600 853 ί..
621 775 670 839 ι6.
870 774 1080 841 Revertimini
1092 776 1134 841 ed
1144 799 1199 841 me
1210 790 1270 853 ,et
1281 800 1387 844 rever·

283 862 482 931 Accedamus
495 884 654 929 cumuero
665 862 783 938 corde,
828 864 1011 930 taradros.
1026 864 1172 931 Maioris.
1194 866 1226 930 5.
1251 891 1288 953 7.

234 956 271 1023 'in
323 952 499 1019 lenitudine
530 950 629 1028 fidei,
666 952 786 1039 aspersi
873 952 998 1029 Omne,
1012 953 1100 1041 quod
1112 952 1166 1019 dat
1176 955 1266 1020 mihi
1277 954 1387 1029 Pater,

238 978 336 1110 corda
362 1050 380 1107 t
403 1040 596 1108 conscientid
621 1038 727 1117 malti,
752 1053 786 1105 et
828 1041 870 1106 ad
884 1065 938 1108 me
952 1042 1079 1119 veniet,
1095 1056 1238 1121 etcum,
1253 1046 1319 1134 qui
1334 1070 1387 1109 ro·

238 1132 338 1197 abluti
359 1153 475 1221 corpus
497 1134 578 1217 aqud
601 1128 733 1195 mundt.
827 1131 876 1197 nit
894 1130 935 1196 ad
951 1145 1025 1208 me,
1049 1154 1115 1197 non
1134 1133 1273 1222 ejiciam
1290 1135 1385 1200 forae,

237 1221 329 1289 Ibid.
353 1242 402 1285 ιο.
424 1242 476 1285 aa.
827 1221 928 1285 Joau.
948 1221 979 1286 6.
1000 1221 1055 1307 67.
1073 1219 1179 1305 Nemo
1196 1234 1318 1312 potest
1336 1247 1389 1287 vr-

284 1308 350 1389 Qui
369 1307 513 1375 converti
531 1306 647 1374 feccrit
667 1328 786 1395 pecca-
827 1309 899 1376 nire
910 1308 952 1374 ad
967 1308 1109 1386 me,nisi
1120 1311 1236 1389 Pater,
1256 1313 1320 1400 qui
1336 1313 1388 1377 mi

236 1412 342 1465 torem
358 1398 398 1464 ab
411 1418 520 1463 errore
541 1396 600 1463 viae
618 1418 701 1472 suat,
722 1394 797 1478 sal-f
827 1399 870 1463 sit
894 1422 967 1472 mo.
994 1398 1128 1464 traxerit
1144 1422 1233 1466 eum.
1260 1425 1301 1467 ιι.
1333 1405 1385 1480 dd.

237 1487 327 1555 vabit
345 1487 484 1553 animum
500 1486 569 1575 ejus
586 1492 721 1551 ttnorte
732 1535 741 1564 ‚
754 1497 788 1550 et
828 1486 962 1566 Omnis,
975 1487 1031 1575 qni
1043 1487 1163 1555 audivit
1180 1490 1201 1554 tr
1217 1488 1347 1568 Patre,
1359 1503 1388 1556 ct

238 1576 363 1666 operiet
393 1574 632 1641 multitudinem
669 1595 788 1663 pecca-
829 1576 958 1653 didicit,
975 1575 1064 1643 venit
1083 1576 1124 1643 ad
1137 1600 1202 1643 me.
1218 1602 1260 1643 o.
1288 1582 1348 1659 45.

239 1679 357 1732 ιοιιιιιι.
378 1664 494 1731 Jacob.
513 1666 611 1731 tto.
712 1694 716 1709 ·
874 1666 941 1755 Ego
961 1665 1119 1744 sumnia,
1141 1678 1174 1732 ct
1191 1668 1344 1745 ver-iras,
1361 1682 1387 1733 rt

284 1754 788 1821 Eratisenimsieutoreserrun·
829 1755 924 1821 rita:
951 1770 1048 1826 nemo
1072 1755 1161 1822 venit
1186 1755 1228 1820 ad
1253 1756 1387 1823 Patra

241 1855 289 1908 tes
316 1868 324 1909 ι
354 1842 412 1909 sod
429 1841 575 1909 conversi
599 1840 674 1905 estis
699 1862 788 1907 nnnc
830 1843 891 1910 nisi
907 1864 967 1932 per
983 1866 1047 1909 me.
1063 1844 1155 1912 Ibid.
1177 1847 1227 1924 ¹4·
1251 1846 1293 1913 6.

232 1932 454 2020 adpastorom
470 1943 502 1995 et
518 1929 711 2017 Episcopum
724 1929 789 1993 ani·
876 1931 1038 2013 Quonitm
1065 1956 1124 2021 per
1149 1934 1262 2021 ipsum
1287 1934 1387 2000 habe·

240 2043 368 2089 marum
384 2030 571 2085 vestrarum.
596 2040 623 2083 ι.
642 2019 733 2084 Petr.
754 2040 783 2083 a.
830 2045 903 2088 mus
932 2044 1097 2087 accessum
1123 2022 1222 2087 ambo
1258 2024 1296 2089 in
1325 2046 1385 2089 uno

244 2110 295 2177 ad.
831 2111 943 2200 spiritu
952 2110 992 2175 ad
1001 2105 1140 2177 Patrem.
1149 2110 1281 2200 Epitoe.
1293 2115 1380 2180 aad

285 2196 447 2263 Dominus
467 2230 512 2247 ·-
536 2196 695 2285 patienter
726 2196 790 2285 agit
876 2199 1139 2288 Appropinquute
1159 2200 1254 2277 Deo,
1278 2214 1316 2267 et
1334 2226 1383 2290 au

235 2298 373 2392 propter
402 2309 476 2364 ros,
504 2284 620 2352 nolens
648 2284 788 2390 aliquem
831 2288 1058 2379 propinquabit
1066 2288 1166 2356 vobio
1179 2289 1311 2356 Jacob.
1320 2294 1381 2373 46

241 2399 367 2466 perure,
384 2375 789 2465 sedomncsadpoenrten·
1010 2382 1015 2392 '

235 2467 321 2532 tiam
336 2466 462 2531 reverti.
479 2473 514 2530 a.
533 2466 622 2530 Petr.
643 2465 674 2529 5.
693 2487 726 2550 9.

288 2554 405 2620 Beatus
417 2565 608 2630 etsanctus,
624 2553 678 2642 qui
691 2551 791 2617 habet
877 2553 980 2645 imple
995 2555 1093 2622 facies
1109 2578 1224 2622 eorum
1246 2558 1386 2650 ignomi-

933 2427 1000 2495 Pet·
1014 2428 1285 2497 tributariam.

119 2661 124 2676 ·
238 2655 369 2733 ¹partem
384 2643 417 2708 in
435 2643 669 2710 resurrectione
684 2641 790 2730 primi
831 2645 907 2722 nis,
929 2657 963 2712 et
978 2657 1122 2734 quaerent
1136 2668 1264 2713 nomen
1281 2662 1386 2722 tuum.

248 2733 290 2819 (ὰ
312 2733 458 2821 peceato)
487 2755 495 2799 ι
520 2732 554 2797 in
577 2731 626 2798 his
649 2729 790 2796 secunde
832 2735 981 2800 Domine.
996 2735 1085 2801 Psoi.
1102 2736 1154 2800 82.
1186 2757 1238 2822 17.

239 2831 333 2887 'mors
362 2840 427 2886 non
457 2820 555 2887 habet
582 2832 787 2910 potestatem.
877 2823 1035 2900 Domine,
1056 2822 1089 2889 in
1111 2846 1151 2888 an
1213 2823 1262 2889 tii
1283 2828 1387 2917 requi

243 2909 350 3000 Apoc.
372 2932 423 2976 ao.
443 2910 475 2976 6.
833 2911 956 2978 cierunt
966 2921 1018 2988 te,
1031 2911 1064 2977 in
1075 2911 1162 2978 trihu
1175 2913 1295 2981 atione
1306 2940 1387 2982 mur·

312 3050 373 3116 Fit
383 3073 444 3141 W
459 3049 723 3140 mimium·
831 3001 933 3155 marris
948 3001 1093 3068 doctrina
1106 3013 1160 3068 tua
1169 2995 1226 3069 eis.
1242 3003 1323 3071 lca.
1339 3007 1386 3071 sti.

838 3113 850 3155 1
878 3137 887 3156 .

261 3257 266 3268 Η
289 3178 787 3260 Deusvirtutum,convertenos.
877 3175 982 3269 Vulgo
1007 3178 1126 3246 dicitur
1144 3202 1153 3245 :
1172 3177 1207 3246 si
1226 3178 1392 3249 dimiserit

241 3257 335 3344 ittet
356 3299 407 3364 79.
423 3276 454 3339 8.
474 3273 505 3337 V
505 3271 559 3336 ide
569 3285 600 3336 et
609 3295 643 3336 v.
653 3272 686 3349 4.
697 3284 787 3336 stac.
833 3268 1029 3334 viruxorem
1046 3292 1157 3345 suam,
1171 3281 1208 3334 et
1225 3273 1392 3338 recedens

292 3364 462 3430 Revertere
482 3360 524 3425 ad
543 3381 615 3433 me,
640 3358 791 3445 quonittm
834 3357 873 3421 ab
894 3370 933 3422 eo
953 3357 1078 3423 duxerit
1095 3357 1198 3424 virum
1219 3355 1388 3434 alterum:

247 3453 425 3520 redemite.
439 3448 507 3515 Iso.
526 3449 580 3526 44.
603 3467 654 3510 aa.
834 3446 979 3535 nunquid
991 3458 1169 3513 revertetur
1187 3446 1330 3516 adeam
1349 3450 1394 3516 ιιΙ.

291 3541 450 3606 Converte
469 3559 521 3602 me
542 3546 576 3600 et
597 3537 790 3612 convertur,
830 3534 905 3601 tri?
926 3534 1077 3622 Nunqnid
1094 3558 1159 3601 non
1178 3533 1311 3623 polluta
1328 3541 1394 3605 erit

242 3629 321 3692 uia
348 3640 382 3691 tu
409 3624 563 3691 Dominus
581 3623 667 3690 Deus
686 3647 787 3690 meus.
833 3636 867 3689 et
899 3625 1117 3690 contaminata
1150 3623 1272 3691 mulier
1308 3628 1392 3694 iila?

247 3652 418 3802 iostqutm
430 3713 516 3778 enim
528 3713 712 3780 convertisti
724 3736 789 3789 me,
833 3712 884 3778 Tu
918 3725 1026 3778 autem
1054 3712 1210 3779 fornicata
1240 3729 1280 3780 es
1312 3741 1393 3784 curn

248 3803 296 3894 egi
326 3802 787 3870 enitentiamderomeurt.
829 3802 1029 3868 'amatoribus
1045 3801 1153 3868 multis
1171 3826 1181 3868 ι
1202 3814 1318 3871 tamen
1337 3831 1392 3872 re-
1417 3849 1419 3874 t

288 3827 451 3959 'donverte
466 3913 549 3968 nos,
569 3890 726 3969 Domine,
750 3890 791 3956 ud
833 3889 957 3957 vertere
968 3890 1010 3957 ad
1023 3908 1096 3969 mc,
1113 3891 1192 3959 dicit
1205 3891 1392 3971 Dominus,
1417 3887 1419 3952 ἶ

248 3997 302 4060 te,
319 3977 596 4056 et'convcrtemur.
614 3981 736 4051 Theon.
756 3981 786 4047 5.
833 3993 867 4045 et
882 3989 941 4070 ego
957 3980 1041 4048 susci
1064 3980 1127 4046 iam
1142 3992 1186 4046 te.
1205 3979 1296 4050 Lesa
1313 4009 1393 4052 ocu-·
1417 3995 1419 4080 ξ

250 4095 303 4141 21.
618 4156 620 4161 .
833 4067 881 4138 ios
896 4082 968 4138 tuos
988 4070 1021 4138 in
1060 4071 1216 4146 rectum,
1239 4084 1277 4139 et
1294 4075 1419 4154 side,;
