2884 4725
235 319 299 406 ⁵9⁶
499 317 583 384 cau
1052 313 1137 382 cau

235 426 329 492 nibus
344 448 404 516 pro
427 427 535 502 vobis,
559 439 592 492 et
615 424 775 514 adimpleo
818 439 922 492 torum
947 428 1241 496 communicantes.
1272 429 1354 499 Bou

235 538 292 590 ea,
333 539 402 602 qum
440 514 555 580 desunt
591 516 775 604 passionum
823 539 871 580 ra.
897 519 1019 582 1215.

235 603 372 694 Christi,
407 603 565 680 incarne
594 609 685 680 meri,
716 627 775 692 ppo
862 603 933 670 Non
955 617 1004 670 est
1021 606 1108 672 enim
1132 628 1276 694 regnum
1289 605 1360 680 Dei,

235 715 369 780 corporo
392 692 480 778 ejuS,
497 691 583 780 quod
599 705 646 758 est
661 691 775 762 Eccle·
817 716 891 758 esca
910 705 943 758 ct
962 706 1057 783 potus
1079 718 1089 760 a
1108 694 1167 759 sed
1183 694 1361 780 justitia,et

234 781 289 860 sia.
308 781 426 846 Coissa
451 804 477 844 ι.
499 783 550 864 24.
817 803 896 868 pax,
927 793 967 846 et·
992 783 1145 871 gaudium
1176 784 1215 848 in
1248 783 1361 872 Spiritu
1412 845 1414 859 ,

279 868 360 935 Νοιιι
372 881 404 947 et
423 867 536 936 vinctis
551 869 707 959 compassi
723 892 775 936 es·
818 869 948 936 Sancto.
962 871 1054 948 ibid.
1081 875 1130 951 ι4.
1155 894 1209 957 ¹7·

233 957 295 1032 tis,
311 969 343 1022 et
359 957 502 1046 rapinam
517 959 676 1023 bonorum
703 983 774 1025 ves-
860 959 986 1037 Pauius
1012 959 1052 1036 de
1064 983 1098 1026 re
1112 974 1290 1038 matur:
1314 957 1363 1024 lie

235 1046 565 1136 trorumcumgaudio
574 1047 772 1136 suscepistis,
817 1045 1363 1135 pietussumconsoiatione,super·
1412 1078 1414 1109 :

232 1148 460 1224 cognoscentes
469 1159 523 1202 vos
535 1135 654 1202 babere
666 1134 775 1202 melior
816 1135 948 1204 abundo
967 1135 1083 1224 gaudio
1099 1137 1132 1202 in
1153 1137 1252 1214 omni
1267 1135 1361 1200 tribu

230 1245 301 1302 rem
312 1233 344 1295 et
355 1236 539 1298 manentem
551 1223 770 1303 substantiam,
817 1222 937 1289 latione
954 1229 1073 1290 nostra.
1100 1247 1129 1289 ο.
1161 1225 1245 1294 Cor.
1266 1228 1344 1310 'pb
1400 1288 1408 1325 ι

232 1309 334 1386 Heba,
360 1337 407 1377 ιο.
430 1313 483 1392 54.
861 1311 1000 1378 Fructus
1015 1326 1123 1379 autem
1133 1312 1284 1402 Spiritus
1299 1325 1361 1386 ests
1403 1338 1407 1347 ·

275 1399 486 1490 Fidebioyses
524 1401 630 1468 randis
657 1402 772 1480 iactus,
817 1400 1131 1504 caritas,gaudium,
1146 1425 1232 1488 pax,
1249 1403 1361 1489 patier-

231 1490 398 1577 negavitse
414 1513 482 1556 esse
497 1425 598 1557 ilium
607 1489 680 1556 filiae
692 1489 773 1556 Pba·
816 1490 878 1565 tia,
894 1490 1093 1578 benignitas,
1115 1490 1267 1566 bonitas,
1296 1489 1358 1554 ion

231 1578 350 1655 raonis,
364 1579 772 1682 magiseligensassligicum
817 1578 1002 1666 ganimitas,
1016 1578 1254 1660 mapsuetudo,
1266 1578 1355 1650 fides.

229 1665 348 1754 populo
372 1667 449 1744 Der,
473 1675 569 1757 quam
590 1665 774 1755 temporalis
816 1665 987 1745 modestia,
1020 1667 1241 1742 continentia,
1269 1669 1357 1734 casti

228 1755 354 1843 peccati
373 1755 493 1823 babere
509 1756 742 1846 jucunditatem
761 1779 769 1820 :
817 1767 885 1832 tas,
898 1767 958 1832 etc.
979 1756 1053 1834 (ἴοι.
1073 1757 1104 1820 5.
1126 1778 1179 1820 aa.
1197 1757 1254 1838 ,⁹5-
1411 1753 1414 1769 '

230 1844 368 1932 majoros
384 1845 515 1909 divitias'
525 1845 682 1909 aestimans
700 1843 773 1924 ¹tbe-
862 1843 1006 1908 Gaudete
1018 1843 1050 1908 in
1063 1843 1204 1923 Domino
1212 1866 1355 1932 semper:

234 1955 329 2010 sauro
352 1932 591 2035 AEgyptiorum,
616 1933 774 2020 imprope-
816 1931 932 2011 iterium
945 1931 1193 2022 dico,gaudete.
1209 1933 1351 2020 Pbr'lr'pp.

230 2021 314 2092 rium
331 2019 448 2097 Christi
469 2045 477 2085 τ
497 2021 670 2108 aspiciebat
686 2020 773 2086 enim
816 2024 847 2100 4.
866 2024 898 2100 4,

230 2109 261 2174 in
278 2110 579 2188 remunerationem.
599 2109 690 2176 laid.
719 2133 769 2188 rr,
861 2109 995 2198 Semper
1019 2108 1166 2198 gaudete.
1210 2108 1289 2174 Sine
1320 2109 1359 2172 iu
1412 2117 1414 2120 ’

232 2200 283 2278 ab.
299 2214 401 2284 etseq,
816 2199 1016 2263 termis'sione
1048 2209 1149 2263 orate.
1188 2220 1217 2264 r.
1253 2197 1352 2275 Thess.
1412 2212 1414 2217 '

817 2286 847 2350 5.
868 2288 916 2351 ιθ.
941 2310 990 2373 ¹7·

271 2466 377 2555 aaa
417 2467 579 2557 eamcam
622 2464 774 2531 uanae
817 2422 1350 2586 Gaffiiffiegmmem

227 2555 351 2630 Αοοα,
368 2571 474 2627 mater
489 2556 665 2629 Samuelis,
680 2554 773 2619 indt-

229 2646 332 2709 cotin
350 2667 407 2710 suo
428 2642 596 2709 Cantica:
616 2641 773 2708 Exultavit
861 2642 899 2726 In
923 2642 975 2708 die
994 2642 1047 2708 ilii
1065 2643 1244 2709 cantabitur
1263 2640 1358 2705 canti·

228 2756 404 2799 cormeum
419 2733 451 2798 in
468 2732 605 2797 Domino
621 2744 682 2798 ete.
698 2733 771 2820 quia
816 2754 891 2811 eum
914 2730 999 2797 istud
1019 2732 1053 2805 in
1075 2737 1160 2812 terra
1182 2730 1267 2807 Juda.
1280 2728 1351 2803 lsa,

227 2820 331 2886 iaetata
347 2844 418 2887 sum
433 2822 466 2887 in
486 2820 616 2887 salutari
638 2833 705 2887 tuo.
741 2844 768 2885 1.
819 2820 873 2884 aii.
898 2843 924 2884 ι.

227 2911 275 2975 Re
298 2933 353 2977 .a.
378 2934 404 2975 1.
859 2907 995 2996 Respice
1023 2907 1102 2987 Sion
1130 2907 1277 2975 civitatem
1301 2926 1357 2967 so-

310 3000 368 3089 agi
402 2996 545 3064 videntes
565 3037 606 3062 e
629 2996 771 3077 stellam,
816 2994 987 3075 lemnitatis
1016 3009 1134 3065 nostre
1162 3021 1170 3061 :
1194 2992 1273 3061 oculi
1303 2992 1352 3056 tui

227 3086 653 3175 gavisisuntgaudiomagno,
666 3084 767 3169 vaide,
815 3085 969 3167 videbunt
1004 3084 1203 3167 Jerusalem,
1234 3082 1354 3148 babita-

226 3173 347 3241 Mateta.
367 3196 395 3238 a.
416 3196 465 3238 ro.
638 3204 640 3210 ⁴
815 3168 935 3243 tionem
974 3172 1180 3262 opulentam,
1215 3173 1353 3237 taberna-

271 3264 307 3328 ln
331 3263 397 3349 ipsi
421 3260 500 3325 horai
529 3259 680 3326 exultavit
702 3260 773 3350 Spi·
816 3260 925 3328 culum
944 3262 1031 3350 quod
1046 3267 1251 3351 nequaquam
1267 3274 1357 3325 trans-

225 3349 289 3412 ritu
303 3349 422 3416 Sancto
442 3350 598 3437 (lesus),
615 3349 741 3415 etdixit
759 3375 767 3417 t
815 3351 892 3416 ferri
912 3350 1030 3440 poterit
1054 3375 1062 3416 τ
1100 3374 1162 3417 nec
1186 3351 1359 3415 auferentur

225 3436 390 3503 Confiteor
406 3438 481 3517 tibi,
501 3436 611 3514 Pater,
632 3438 771 3519 Domine
815 3438 898 3523 clari
920 3439 989 3527 ejus
1008 3439 1041 3504 in
1058 3440 1306 3526 sempiternum,
1322 3448 1355 3499 et

225 3521 297 3592 oeli
324 3537 355 3589 et
383 3538 497 3603 terrm,
521 3526 607 3615 quod
633 3528 767 3596 abscom
815 3550 929 3593 omnes
944 3527 1079 3593 funiculi
1099 3526 1170 3606 e‘us
1194 3550 1263 3593 non
1277 3547 1356 3590 rum-

223 3612 297 3679 disti
313 3610 381 3680 baec
397 3622 414 3689 ,a
432 3614 629 3705 sapientibus
644 3628 676 3681 et
690 3639 762 3704 pru·
814 3628 933 3704 pentur
957 3640 965 3680 τ
986 3616 1061 3704 quia
1083 3551 1286 3684 seiummodb
1313 3612 1354 3680 ibi

223 3703 392 3787 dentibus,
420 3716 452 3769 et
468 3702 613 3782 ‚revelasti
638 3728 674 3771 ea
690 3728 767 3793 par·
815 3704 1004 3793 magnificus
1016 3716 1065 3769 est
1075 3704 1234 3773 Dominus
1246 3714 1358 3774 noster,

198 3840 202 3851 -
228 3792 413 3862 rubebas.
439 3816 488 3877 ιο.
511 3816 561 3860 οι.
815 3804 877 3860 etc.
892 3792 982 3869 ibid.
1003 3794 1056 3870 55,
1074 3816 1125 3859 ao.
1146 3816 1200 3858 οι.

273 3884 337 3974 Spe
363 3880 537 3972 gaudentes
570 3906 579 3947 ι
610 3881 643 3947 in
670 3882 770 3963 tribu·
860 3882 1028 3956 iustorum
1057 3893 1166 3947 autem
1197 3881 1306 3968 anime
1326 3876 1361 3939 in

226 3972 344 4041 latione
384 3972 541 4063 patientes
578 3995 586 4036 ι
634 3970 770 4036 orationi
816 3994 913 4039 manu
930 3970 989 4036 Dei
1007 3983 1100 4047 sunt,
1123 3982 1155 4043 et
1181 3994 1246 4035 non
1262 3976 1364 4051 unget

222 4061 394 4145 ,instantem
411 4060 652 4132 necessitatibus
672 4059 770 4155 Sauc-
815 4058 885 4129 ilios
907 4072 1105 4141 tormentum
1131 4060 1261 4141 mortis,
1296 4066 1365 4139 ets„

327 2333 496 2402 Gaudium
523 2331 669 2422 spiritis.
