2884 4725
303 365 363 407 nra
559 334 646 400 COR
1076 413 1080 421 ⁸
1109 336 1189 405 COR

301 450 333 519 in
361 465 513 517 aeternum
561 458 668 533 rop'ter
698 446 843 533 iniquita·
928 446 1079 514 Confusio
1104 450 1197 537 patris
1213 462 1256 515 est
1275 447 1308 513 de
1326 448 1367 514 lile

301 556 365 605 tem
384 563 391 603 :
410 544 448 602 ed
467 471 559 624 quod
570 546 699 601 noverat
714 534 843 623 indigne
884 531 1117 625 indisciplinato
1142 562 1150 603 :
1174 536 1231 603 lilia
1249 540 1367 603 autemir

299 648 391 715 agere
411 624 491 691 filios
511 648 600 698 suos,
617 636 649 687 et
664 626 835 694 noncorri·
885 624 1133 692 deminoratione
1174 626 1234 691 liet.
1277 626 1369 691 llidtn

298 716 403 803 puerit
422 734 484 779 eos.
514 736 539 777 1.
564 712 641 799 Bag.
663 712 693 776 ὅ.
722 735 770 777 12.
886 715 981 778 ηδ.

343 803 480 868 sidonias
494 812 599 865 autem
612 800 694 865 lilius
705 800 842 888 Haggith
928 801 991 880 Qui
1008 802 1109 889 diligit
1123 802 1218 868 lilium
1231 826 1324 873 suum,
1338 824 1368 863 ae

299 890 500 965 elevabatur,
524 890 633 954 dicens
657 911 667 959 z,
692 890 760 976 Ego
774 912 843 976 reg·
883 889 988 955 sidunt
1005 886 1049 957 illi
1071 890 1214 979 flagella,
1234 903 1265 955 ut
1286 890 1370 954 laetetur

299 981 383 1045 nobo
404 978 525 1045 -Noc
536 977 689 1065 corripuit
701 1000 776 1041 oum
787 1000 841 1065 pa·
883 978 915 1041 in
939 980 1110 1045 novissimo
1125 1004 1197 1053 suo;
1220 992 1249 1044 et
1267 976 1369 1063 noupd

300 1082 348 1133 ter
365 1090 439 1133 suus
455 1065 634 1154 aliquando.
660 1066 690 1129 5.
709 1066 787 1155 ch.
811 1090 838 1130 1.
883 1078 937 1152 pet
959 1068 1178 1155 proximorum
1205 1069 1284 1133 ostia.
1308 1065 1366 1131 llid

297 1182 330 1222 n.
349 1158 375 1220 5.
400 1170 429 1219 et
441 1155 471 1220 6.
504 1222 506 1227 ,
883 1156 1065 1235 do.·1.Qui
1082 1158 1177 1222 docet
1194 1156 1284 1221 lilium
1299 1176 1369 1219 suun.

342 1240 478 1323 Audite,
492 1242 565 1317 filii,
579 1236 777 1329 disciplinam
785 1265 839 1330 pn·
883 1242 1065 1309 laudabitur
1081 1246 1115 1310 in
1126 1244 1203 1311 illo:
1219 1257 1249 1310 et
1260 1245 1288 1309 iu
1300 1240 1369 1307 mdis

210 1366 214 1373 ·
297 1334 363 1406 tris.
379 1334 478 1405 Pron.
498 1333 529 1412 4.
555 1353 582 1396 1.
621 1376 625 1385 -
882 1332 1130 1400 domesticorum
1180 1335 1211 1398 in
1246 1330 1293 1399 illo
1327 1329 1369 1417 glo

282 1458 285 1466 ·
346 1420 409 1500 Qui
422 1420 523 1509 percit
535 1417 840 1507 virgmtoditsrlium
882 1420 1084 1488 riahitur.·vt
1115 1446 1144 1487 a.
1175 1422 1235 1502 Qui
1258 1416 1370 1485 doceti·

299 1532 419 1575 suum:
442 1510 495 1596 qui
513 1519 619 1573 autem
635 1506 737 1594 diligit
751 1506 841 1573 illum
882 1507 978 1585 lium,
1002 1510 1035 1574 in
1062 1510 1168 1576 zelum
1192 1511 1279 1575 mittit
1300 1506 1370 1572 inini-

299 1600 453 1663 iustanter
468 1596 582 1663 erudit.
599 1596 698 1660 Pron.
719 1598 768 1660 15.
785 1599 836 1675 nd.
882 1620 976 1674 cum,
1004 1610 1037 1662 et
1063 1600 1098 1663 in
1119 1599 1223 1664 medio
1242 1598 1369 1663 amicorum

345 1686 467 1752 Stultus
498 1685 608 1749 irridet
643 1678 840 1771 disciplinam
881 1684 1069 1773 gloriabitur
1089 1688 1123 1752 in
1138 1687 1201 1753 illo.
1227 1712 1258 1752 o.
1274 1688 1300 1751 5.
1316 1682 1369 1747 llu-

297 1776 395 1863 patris
411 1775 458 1839 sui
477 1798 485 1839 z
511 1772 564 1861 qui
580 1782 685 1835 eutem
701 1773 841 1837 custodit
882 1786 954 1839 tuus
976 1780 1025 1840 e'st
1044 1788 1136 1863 peter
1158 1778 1243 1863 ejus,
1268 1787 1295 1839 et
1311 1770 1369 1859 quasi

298 1863 548 1950 increpallon0⁸‚
563 1860 695 1923 astutior
707 1859 772 1925 liet.
783 1860 805 1926 1
806 1861 835 1925 d.
880 1886 945 1928 non
957 1878 1005 1929 est
1011 1863 1304 1931 mortuuszsimilem
1315 1861 1369 1925 erin

302 1952 394 2018 15.5.
447 2016 450 2021 ,
694 1968 699 1979 ’
880 1952 1007 2039 reliquit
1028 1954 1090 2018 sibi
1108 1966 1181 2042 post
1199 1978 1240 2019 se.
1257 1978 1286 2017 o.
1309 1953 1331 2027 4.
1349 1946 1369 2009 lt

343 2038 441 2103 Erudi
458 2034 559 2101 filium
575 2047 686 2114 tuum,
703 2060 745 2103 ne
764 2038 839 2103 des·
879 2041 942 2104 vita
958 2046 1014 2106 sud
1028 2041 1126 2119 vidit,
1143 2055 1176 2107 ct
1191 2040 1299 2108 laetatus
1310 2035 1368 2102 est‘u

296 2144 389 2219 peres
413 2150 421 2203 ;
447 2124 487 2191 od
508 2124 760 2191 intersectionem
779 2150 838 2191 nu·
879 2126 934 2193 illo
950 2153 958 2195 :
973 2130 1006 2194 in
1021 2130 1112 2195 obitu
1128 2154 1187 2197 suo
1198 2154 1258 2195 nou
1271 2140 1311 2193 est
1320 2146 1368 2190 cor

297 2230 363 2283 tem
396 2214 464 2303 ejus
500 2236 540 2277 uc
570 2235 668 2301 ponus
698 2215 836 2281 unimam
878 2218 1039 2293 tristatus,
1056 2220 1276 2285 necconfusus
1292 2226 1369 2281 eom

297 2319 394 2372 tuam.
414 2302 503 2370 ltin
524 2324 571 2388 ¹9·
595 2304 643 2367 18.
877 2328 946 2371 ram
976 2307 1113 2374 inimicis
1139 2331 1148 2374 s
1177 2307 1293 2396 reliquit
1316 2301 1368 2367 euin

342 2392 480 2460 Stultitia
489 2388 633 2478 colligata
641 2404 688 2456 cst
697 2393 729 2458 in
738 2394 837 2460 corde
877 2389 1370 2463 defensorcmdomssscoutrriaini

296 2482 405 2572 puori,
429 2492 461 2545 et
483 2480 569 2566 virgo
592 2479 764 2567 disciplinae
785 2482 836 2548 lu·
878 2506 953 2560 cos,
968 2497 1002 2550 ct
1016 2486 1128 2552 amicis
1143 2486 1314 2552 reddentem
1325 2500 1369 2566 gn·

295 2572 384 2660 gahit
400 2593 481 2636 eam.
499 2566 589 2634 lttd.
607 2591 657 2632 aa.
682 2571 730 2635 15.
776 2611 781 2618 ·
877 2573 964 2637 tiam.
982 2598 1015 2638 e.
1032 2575 1062 2637 5.
1082 2575 1114 2638 6.
1130 2568 1369 2664 Equusiudonitn

343 2659 412 2736 Noli
429 2656 642 2729 subtraheret
657 2671 759 2744 pue‘ro
774 2656 835 2725 dis·
875 2661 982 2726 evadit
997 2661 1116 2738 durus,
1133 2676 1168 2728 et
1177 2659 1370 2730 filiusmmms

297 2745 445 2836 ciplinam
468 2767 476 2809 ε
500 2744 624 2809 sienim
643 2748 835 2834 percusseris
876 2749 1162 2840 eradetpraeoeps.
1192 2777 1224 2818 v.
1252 2754 1280 2816 8.
1302 2746 1370 2811 cm

296 2855 369 2902 eum
389 2836 495 2923 virgi,
511 2855 576 2898 nou
596 2835 758 2901 morietur.
785 2835 833 2900 Tu
875 2839 1031 2904 corticem
1046 2839 1115 2925 ejus
1130 2841 1165 2905 in
1185 2841 1370 2926 juventutem

221 2953 225 2962 ·
293 2926 381 3013 ¹virgsl
380 2921 547 3077 percuties
559 2926 833 2998 eum‚otanimem
875 2925 1094 2995 tundelutern
1121 2929 1287 3015 ejusdum
1304 2922 1394 3003 ntus*

295 3013 381 3100 ejus·
402 3012 552 3078 einlerno
563 3008 721 3079 liberabis.
740 3013 829 3080 {tut
874 3027 941 3090 est,
965 3037 1007 3080 ne
1032 3016 1116 3082 lortd
1135 3017 1275 3092 induret,
1292 3025 1319 3078 et
1332 3028 1371 3073 ποθ
1393 3026 1394 3115 l

298 3104 348 3167 25.
373 3103 421 3168 15.
436 3105 484 3181 14.
875 3104 985 3169 credat
1003 3104 1088 3172 tibi:
1113 3107 1222 3172 eterit
1242 3103 1293 3171 tibi
1311 3095 1372 3163 dolor
1393 3120 1394 3127 ¹

338 3191 433 3280 Virga
463 3206 556 3298 atquc
586 3191 746 3277 correptio
774 3189 828 3254 tri·
874 3192 987 3258 animae
1012 3189 1085 3278 (tto
1102 3207 1133 3256 ct
1156 3197 1195 3257 in
1219 3192 1371 3282 fatus-olmi

293 3279 364 3349 huit
377 3282 563 3368 tapientrnm
580 3289 595 3345 τ’
610 3293 692 3432 puer
707 3289 830 3354 nutem,
879 3279 1151 3348 12.·ltec·efitium
1166 3295 1254 3348 tuum
1265 3331 1273 3356 .
1283 3291 1310 3342 ⁰¹
1322 3295 1373 3361 ⁰l‘'

292 3369 348 3456 qui
375 3369 544 3440 dimittitur
570 3391 608 3432 vo
623 3366 721 3432 untati
746 3388 830 3442 suae,
873 3389 943 3432 rure
969 3369 1001 3432 in
1022 3368 1096 3443 illo,
1120 3371 1221 3436 nein
1239 3359 1373 3456 turpitudi-

293 3456 458 3521 consundit
472 3467 606 3522 matrem
623 3469 722 3522 suam.
737 3453 827 3520 ltin.
872 3467 946 3521 ne'm
960 3455 1044 3523 illius
1055 3457 1207 3524 offendas.
1220 3483 1252 3524 e.
1271 3457 1312 3522 15.

296 3567 345 3629 29.
374 3547 420 3609 15⁴
467 3619 471 3628 ¹
916 3547 963 3610 De
978 3558 1068 3633 patre
1079 3547 1176 3634 impio
1188 3555 1344 3635 queruntur
1353 3533 1375 3599 st

336 3629 685 3697 circamanentes
702 3606 831 3705 utone
873 3630 922 3708 m,
939 3633 1375 3724 quonumpsoperuumsuu

290 3740 386 3789 curvo
403 3719 509 3786 illo'sn
533 3718 666 3805 pucritid
688 3714 824 3784 illorum.
870 3721 902 3786 in
918 3722 1090 3811 opprobrio
1116 3725 1127 3807 (
1156 3738 1264 3813 reptes·
1279 3717 1376 3812 sulm

287 3807 391 3875 Ereti.
412 3832 441 3892 7.
462 3810 514 3872 25.
870 3812 1055 3898 cumptum
1069 3827 1099 3876 et
1152 3813 1272 3899 scotum
1283 3808 1375 3872 docto·

332 3897 371 3960 Et
393 3893 470 3961 utile
484 3903 531 3960 est
553 3895 633 3959 niori
650 3897 716 3960 sine
735 3893 827 3970 siliis,
869 3892 1059 3979 nm).'1tt‹t.
1078 3903 1131 3978 4¹·
1155 3921 1203 3966 ro.

286 3989 380 4134 punm
402 3979 579 4070 relinquere
598 3981 681 4054 filios
702 3983 822 4072 impios.
911 3986 1090 4074 Properate
1104 3987 1186 4055 lilios
1201 3989 1268 4064 eius
1277 3977 1375 4049 oecllt

309 4069 374 4138 bid.
395 4071 442 4136 ιδ.
456 4074 492 4150 ,4.
522 4103 526 4112 ·
677 4135 680 4140 ,
851 4074 901 4167 'ai
915 4074 947 4138 in
964 4075 1126 4167 iniquitate
1142 4087 1265 4165 patrum
1273 4082 1376 4140 saortm
