2884 4725
247 308 313 377 aas
509 306 593 374 nar
749 271 753 279 ’
1069 312 1158 381 nnn
1396 306 1397 377 t

244 419 726 511 periernntabexterminatore.
735 419 786 486 15.
872 421 954 510 ¹Sepi
971 444 1066 487 aures
1090 436 1164 487 tuas
1190 422 1299 511 spinis,
1319 420 1363 487 lin·

249 533 300 576 ιο.
320 531 369 573 ιο.
833 532 929 599 guam
949 534 1092 599 nequam
1116 508 1183 577 noli
1205 511 1325 587 andire,
1340 524 1364 575 et

291 594 397 663 Nolito
405 595 573 662 detrahere
582 596 789 675 alterutrum,
833 600 880 665 ori
902 600 958 666 tno
978 601 1078 667 facito
1102 601 1206 676 ostia,
1229 612 1261 665 et
1285 624 1360 665 saras.

244 686 368 752 fratres.
385 685 450 765 Qui
462 685 601 763 detrahit
614 686 723 763 fratri,
737 699 791 752 aut
831 688 922 762 ltin.
940 691 993 755 28.
1014 692 1068 757 28.

241 772 299 862 qui
315 773 437 861 judicat
454 774 585 841 fratrem
602 799 715 850 snum,
733 770 791 841 do·
822 826 834 863 ι.
1062 824 1158 869 ms·

243 863 343 929 trahit
363 862 446 952 legi,
470 876 503 929 et
527 863 649 955 judicat
672 864 786 954 legem.
1148 866 1153 879 ’

242 951 359 1018 Jacob.
377 955 409 1031 4.
429 975 478 1017 ιι.
1133 1005 1141 1021 .
1171 1004 1179 1018 .

287 1040 490 1143 Deponentes
526 1041 623 1131 igitur
659 1064 790 1109 omnem
997 1002 1218 1093 ‘mi'm‘b‘k'
1396 1106 1397 1109 ,

242 1128 419 1207 malitiam,
447 1142 480 1196 et
506 1154 636 1197 omnem
659 1130 788 1209 dolum,
876 1130 1048 1220 Postquam
1063 1138 1147 1201 vero
1171 1128 1361 1218 (Abraham)

243 1229 277 1284 et
291 1217 529 1297 simulationes,
545 1232 579 1292 et
590 1220 724 1286 invidias
732 1270 743 1305 ,Ἴ
758 1233 790 1286 et
831 1220 1006 1309 nonaginta
1027 1235 1060 1288 et
1084 1242 1209 1289 novem
1232 1241 1361 1285 annorum
1396 1252 1397 1285 r

242 1306 584 1380 omnesdetraetiones.
596 1308 790 1377 Sientmodo
832 1332 902 1375 esse
922 1323 1084 1399 coeperat,
1110 1309 1263 1400 apparuit
1275 1307 1301 1371 ei
1314 1307 1360 1371 Do
1396 1342 1397 1385 3

241 1396 340 1550 {eniti
348 1398 499 1475 infantes,
510 1397 711 1475 rationabile,
721 1398 790 1466 sine
831 1398 957 1477 minus,
974 1400 1122 1489 dixitque
1140 1399 1184 1465 ad
1202 1418 1292 1463 eum:
1311 1395 1360 1481 Ego

239 1540 244 1548 .
267 1482 337 1562 oio,
351 1484 402 1554 lac
410 1488 648 1576 concupiscite,
661 1500 697 1553 ut
705 1489 739 1553 in
750 1512 789 1553 eo
831 1488 916 1553 Dens
936 1490 1170 1579 omnipotens:
1191 1482 1361 1553 ambulate

240 1575 393 1642 crescatis
412 1576 446 1642 in
462 1575 617 1643 salntem:
639 1578 665 1643 si
680 1589 789 1643 tamen
831 1600 977 1655 ramme,
990 1591 1101 1645 etesto
1113 1572 1355 1667 persectantes

263 1665 410 1742 ustastis,
431 1666 586 1754 quonihm
614 1664 717 1733 dulcis
740 1678 790 1733 est
835 1688 885 1755 ¹7·
906 1689 933 1739 r.
950 1691 976 1731 e.
992 1669 1046 1747 45.
1067 1671 1120 1749 ι4.
1138 1691 1168 1732 ο.
1188 1668 1242 1745 48.
1257 1664 1284 1727 5.

237 1686 784 1843 hominus.cruentatam.
857 1754 1034 1843 'Nunquid
1046 1756 1120 1823 Deo
1141 1754 1309 1843 quidquam
1325 1757 1358 1810 est

831 1841 983 1910 difficile?
1004 1844 1101 1911 tunt
1125 1842 1305 1913 condictum
1320 1858 1355 1899 re

830 1945 935 2001 vertar
952 1933 992 1999 ad
1006 1947 1057 2011 te,
1077 1934 1146 2001 hoc
1166 1930 1278 1999 eodem
1295 1938 1355 2023 tent·

284 2022 458 2097 Removet
476 2036 509 2090 te
528 2048 564 2091 os
585 2048 738 2113 pravum,
756 2038 788 2092 et
829 2044 927 2111 pore,
951 2023 1015 2090 vita
1036 2025 1178 2092 comite:
1201 2033 1234 2087 et
1252 2013 1354 2083 habeta

189 2112 193 2118 ’
238 2112 440 2184 detrahentia
461 2112 545 2179 iahia
562 2114 627 2180 sint
640 2112 787 2204 procula
830 2111 909 2183 Sara
926 2110 1038 2191 filium·
1056 2112 1151 2178 Ῑῦἰᾶ·
1174 2112 1223 2176 ¹8·
1243 2108 1288 2185 ¹5·

238 2213 282 2273 te.
302 2202 402 2268 Pron.
417 2205 449 2281 4.
466 2205 518 2281 ι4.
874 2201 1352 2291 Egoneusomnipotens,crasoe

285 2290 351 2372 Qui
366 2290 505 2357 detrahit
520 2290 616 2357 alicui
633 2292 701 2369 rei,
720 2292 730 2356 i
754 2316 788 2359 se
829 2300 862 2354 et
882 2288 1122 2380 multiplicaret
1147 2299 1259 2388 gentes
1273 2293 1301 2353 ct
1312 2298 1352 2366 pt

238 2403 274 2449 se
289 2380 322 2445 in
341 2382 485 2448 futurum
501 2380 631 2472 obligat.
653 2314 787 2450 Ιὸἱάειιι
828 2377 895 2466 puli
904 2381 1070 2446 nationum
1079 2391 1162 2446 exte
1171 2386 1279 2448 erunt,
1342 2387 1351 2425 ⁵

243 2470 293 2536 ι5.
315 2471 363 2534 ι5.
830 2468 870 2533 de
887 2465 1005 2542 lumbis
1019 2470 1081 2535 tuis
1094 2467 1304 2560 egredientur.
1329 2453 1349 2518 h

283 2558 788 2631 Abominatiohominumdetrao-
830 2558 883 2633 55.
909 2581 958 2623 ιι.

237 2658 301 2714 tor.
321 2647 409 2713 Ihid.
430 2650 483 2727 ι4.
501 2672 533 2735 9.
557 2648 640 2713 Cum
659 2648 787 2716 detrac-
872 2642 1350 2730 Deusauaemmausomiporens

238 2736 364 2804 toribus
380 2761 422 2802 ne
435 2737 691 2811 commiscearis:
709 2762 787 2825 quo·
828 2734 924 2800 faciat
955 2737 1057 2806 vohis'
1070 2759 1146 2802 eum
1175 2723 1347 2824 placabilem.

237 2825 787 2916 niamrepenteeonsurgetperditio
828 2821 918 2906 ltin.
937 2827 992 2904 45.
1013 2829 1061 2905 ι4.

228 2936 380 2980 ¹eorum:
409 2927 442 2981 et
468 2917 595 2982 ruinam
621 2917 786 3004 utriusque
874 2911 1025 3002 Nunqnid
1044 2931 1160 2980 manus
1181 2913 1349 3000 Domrnrrn-

235 3005 309 3092 quis
324 3003 480 3072 novitio.
498 2999 553 3070 ar.
828 3000 931 3068 valida
948 3004 1020 3068 esti
1040 3003 1115 3070 dnm
1132 3023 1220 3068 nuno
1235 2989 1347 3061 videta,

281 3093 404 3162 Ventus
421 3091 543 3182 ‘Aquilo
564 3093 638 3159 dissi
662 3106 694 3159 at
712 3092 786 3182 plu·
829 3096 936 3164 ntrhm
952 3113 1042 3157 meus
1058 3115 1165 3158 sermo
1180 3107 1274 3178 opere
1284 3095 1349 3146 com·

237 3181 325 3259 rias,
349 3195 382 3247 et
405 3182 501 3249 facies
524 3181 621 3248 tristis
639 3117 786 3268 iinguam
827 3179 962 3269 plentur.
981 3181 1084 3256 Nom.
1108 3204 1158 3247 ιι.
1180 3179 1230 3245 25.

163 3302 165 3307 v
236 3269 470 3348 detrahentem.
489 3268 580 3336 ltin.
598 3271 650 3334 25.
671 3271 724 3334 ι5.
797 3339 800 3346 ,
872 3270 957 3335 Dixit
966 3283 1073 3335 antem
1083 3251 1348 3336 Jonarhasadado·

282 3355 365 3422 (ihm
379 3357 556 3424 defecerint
568 3354 652 3445 ligna
663 3408 672 3434 ,
685 3358 786 3423 estin·
828 3358 1002 3424 lescentem
1030 3360 1224 3448 armigerum
1248 3363 1324 3414 suurn
1338 3357 1345 3396 τ

281 3456 354 3510 etur
364 3445 465 3535 ignis:
479 3459 512 3513 et
523 3468 695 3512 susurrone
709 3447 784 3512 suh·
826 3447 925 3524 Veni,
940 3460 1139 3515 transeamus
1152 3437 1346 3524 adnationes!

235 3468 368 3612 frhcto,
405 3534 508 3623 jurgia
545 3536 781 3622 conquiescent.
827 3536 1127 3604 incircumcisorum
1163 3534 1272 3602 horum
1287 3571 1295 3598 t
1313 3533 1345 3618 ,θ’

236 3619 328 3704 Jttd.
348 3622 400 3687 ιθ.
421 3645 473 3687 ao.
489 3623 595 3691 Verba
606 3626 786 3691 susurronis
827 3625 1014 3693 sortefaciat
1026 3627 1182 3696 Dominus
1193 3609 1343 3712 pron⁰l¹¹f²

236 3709 328 3800 quusi
342 3709 518 3814 simplicia,
534 3723 567 3777 et
587 3712 655 3800 ipsa
670 3737 785 3803 perve-
826 3715 901 3802 quia
921 3739 985 3781 non
1009 3727 1058 3781 est
1079 3715 1218 3782 Domino
1242 3689 1345 3793 diffidit

236 3800 332 3889 ninnt
347 3799 388 3864 ad
403 3800 514 3866 antima
530 3803 659 3872 ventris.
677 3829 711 3869 o.
728 3827 781 3872 aa.
827 3802 969 3882 salvare,
993 3803 1043 3870 vel
1066 3805 1098 3870 in
1117 3801 1243 3885 multis,
1263 3784 1303 3857 *⁰¹
1320 3797 1342 3843 ¹⁰

283 3889 422 3957 Susurro
460 3889 682 3979 coinquinabit
715 3893 786 3958 ani·
826 3893 947 3981 paucis.
968 3916 995 3961 ι.
1014 3893 1092 3986 Bag.
1117 3895 1166 3973 ι4.
1185 3893 1214 3957 6.
1322 3953 1327 3968 ,

236 4001 324 4066 mam
336 3990 486 4056 snam,ct
498 3980 530 4047 in
538 3980 689 4048 omnihus
699 3981 786 4052 odie·
872 3981 947 4048 Scio
972 3983 1137 4070 (Deus),
1163 3979 1234 4072 quia
1259 3973 1341 4036 0⁰³⁰ss

237 4081 300 4156 tur.
320 4070 423 4138 Ereti.
447 4093 499 4136 ar.
519 4070 572 4136 51.
612 4100 614 4104 ’
708 4145 711 4149 ,
826 4083 929 4159 potes.
948 4071 1013 4138 tot
1030 4075 1084 4151 4ι.
1106 4096 1135 4138 ι.

853 912 914 981 Eat
931 914 1146 1020 mnqipotena
1156 932 1175 990 ,·
1187 928 1218 979 et
1235 910 1316 978 atttt
1325 914 1349 976 ιὶ

363 1890 666 1956 Utnonaudiatur.
