2884 4725
329 349 396 420 El'l
428 411 433 422 ,
731 353 734 361 ’
851 357 955 448 ,nrt
1163 363 1226 456 595
1291 429 1296 435 ,

88 468 322 536 consessionem
363 463 630 536 indeclinabilem.
678 466 1224 558 etsapientii,quosconstituamus

85 558 171 624 ibid.
193 582 246 624 10.
262 580 313 623 99.
335 558 386 622 ab.
446 551 449 560 Α
677 556 847 646 superbos
859 581 949 646 opus.
965 560 1081 644 Actor.
1097 560 1128 625 6.
1145 559 1176 625 ὅ.
1208 616 1217 642 ,

126 645 265 737 Propter
314 644 400 736 quod
446 643 635 734 irbjicientes
722 642 887 712 Attendite
901 639 1011 724 bobis,
1027 659 1061 712 et
1076 650 1224 714 universo

85 760 214 802 omnem
233 732 469 800 immunditiam
486 747 520 800 et
535 737 635 800 abun·
676 735 783 824 gregi,
797 732 830 802 in
842 760 905 824 quo
917 759 971 803 vos
980 728 1117 826 Spiritus
1125 739 1224 805 Sanc·

84 824 229 892 dentiam
243 823 390 899 malitie,
404 825 437 888 in
450 837 635 890 mansuetu·
677 837 729 888 tus
756 825 861 911 posuit
887 825 1090 915 Episcopos,
1111 830 1223 916 regere

85 915 156 980 dine
173 914 328 1002 suscipite
350 913 481 978 insitum
501 913 634 1000 verbum
678 909 934 992 Ecclesianei,
965 939 1039 981 uam
1056 916 1224 1002 acquisivit

83 1004 167 1092 quod
204 1015 289 1068 otest
301 1001 424 1068 salvare
437 1002 635 1068 animusves-
677 1003 830 1090 sanguine
846 1026 915 1070 suo.
934 937 1024 1069 llic
1040 1000 1097 1075 90.
1119 1007 1170 1070 98.

84 1027 290 1158 trasdacob.
310 1115 337 1156 1.
359 1113 410 1155 st.
447 1155 456 1172 ,
722 1090 777 1160 Sic
812 1115 870 1156 nos
908 1090 1066 1158 existimet
1098 1091 1221 1173 homo,

124 1179 310 1246 Emundate
332 1203 467 1254 suanus,
491 1192 634 1267 peccato
678 1191 712 1244 ut
725 1179 886 1246 ministros
899 1177 1038 1256 Christi,
1053 1193 1085 1248 ct
1097 1181 1223 1271 dispen-

85 1293 152 1336 res:
169 1269 383 1358 etpurificate
400 1268 517 1344 corda,
535 1265 636 1360 dupli·
677 1281 797 1334 satores
828 1271 1053 1359 mysteriorum
1082 1269 1153 1337 Dei.
1193 1294 1219 1336 ι.

84 1382 137 1424 ces
149 1360 271 1424 animo.
286 1357 375 1424 lttd.
391 1360 422 1436 4.
439 1360 470 1422 8.
679 1357 756 1424 Cor.
776 1360 807 1437 4.
828 1382 854 1423 ι.
1075 1444 1077 1446 V

124 1447 336 1536 Deponentes
373 1447 468 1534 igitur
506 1468 634 1512 omnem
723 1445 787 1527 Qui
802 1459 835 1511 et
848 1445 979 1514 idoneos
994 1468 1052 1512 nos
1068 1447 1144 1515 lecit
1159 1449 1221 1514 mi-

82 1533 264 1611 malitiam,
287 1543 319 1600 et
345 1559 471 1599 onmem
499 1533 633 1612 dolum,
678 1536 793 1601 histros
805 1537 878 1601 novi
891 1537 1082 1602 testamenti.
1097 1560 1126 1614 9.
1140 1538 1218 1604 Cor.

83 1637 116 1690 et
132 1624 375 1698 simulationes,
392 1636 424 1688 et
436 1621 585 1699 invidias,
603 1637 634 1689 ct
678 1626 709 1693 5.
729 1626 759 1689 6.

84 1709 634 1778 omnesdetractiones.Sicutmodb
723 1714 793 1780 Non
809 1714 893 1778 cuim
913 1715 1125 1802 nosmetipsos
1144 1739 1222 1804 pra:-

83 1801 189 1891 geniti
198 1801 344 1875 infantes,
354 1799 552 1878 rationabile,
566 1801 634 1868 sine
677 1801 821 1868 dicamus
832 1853 842 1877 ‚
855 1802 910 1868 sed
927 1803 1038 1868 desum
1055 1803 1219 1870 Christum

84 1889 162 1956 dolo
179 1889 231 1957 lac
247 1889 481 1976 concupiscite,
500 1889 579 1955 utin
595 1915 634 1956 eo
676 1891 850 1956 Dominum
866 1904 1029 1982 nostrunn
1045 1916 1103 1958 nos
1114 1907 1221 1970 autom

83 1980 237 2046 crescatis
260 1978 291 2044 in
315 1977 461 2044 salutem.
489 2002 515 2043 1.
541 1979 630 2045 Petr.
677 2004 783 2103 tempos
792 1994 913 2047 vestros
924 2005 982 2070 per
994 1981 1115 2048 desum.
1128 1983 1147 2056 I
1152 1983 1218 2059 tid.

86 2093 114 2134 9.
133 2093 159 2134 t.
176 2093 207 2133 9.
680 2071 710 2148 4.
731 2095 761 2134 o.
1211 2128 1218 2148 ,

129 2159 168 2222 Et
185 2158 316 2245 sanguis
332 2155 408 2221 desti
426 2153 543 2222 Christi
562 2155 633 2222 Filii
722 2158 786 2222 Sed
801 2160 834 2224 in
850 2153 999 2224 omnibus
1015 2149 1222 2228 exhibeamus

87 2243 144 2310 llri
158 2245 315 2311 emundat
327 2269 385 2310 nos
401 2247 440 2310 ab
458 2247 543 2310 omni
557 2269 634 2334 pcc·
677 2247 886 2335 nosmetipsos
912 2249 993 2316 sicut
1020 2249 1080 2314 Dei
1110 2249 1223 2314 minis-

93 2347 172 2400 cato.
192 2359 218 2400 t.
237 2336 340 2401 loen.
360 2357 387 2399 t.
409 2360 438 2421 7.
677 2347 761 2413 tros,
778 2333 810 2401 in
822 2335 921 2410 multis
937 2336 1107 2425 patiendi,
1124 2338 1157 2405 in
1170 2338 1223 2403 tri·

137 2424 176 2487 m
201 2425 327 2499 omnis,
352 2424 407 2511 qui
432 2424 527 2489 habet
550 2422 634 2489 hanc
676 2420 906 2502 bulationihus,
920 2428 952 2491 in
965 2428 1222 2508 necessitatibus,

96 2513 225 2598 spemin
236 2537 286 2587 eo,
300 2510 478 2578 sanctificat
491 2538 536 2586 sc,
552 2512 634 2578 sicut
677 2516 709 2581 in
726 2515 899 2601 angustiis,
917 2526 978 2579 etc.
1001 2538 1030 2579 9.
1047 2516 1124 2581 Cor.
1141 2518 1172 2581 6.·
1188 2520 1218 2596 4.

96 2612 127 2663 ct
143 2598 195 2664 ille
209 2610 331 2673 sanctus
348 2608 406 2666 est.
425 2598 514 2667 lttt.
531 2600 561 2666 5.
578 2603 609 2667 5.
683 2599 686 2609 ⁴
721 2602 748 2669 G
753 2604 854 2669 tortor
870 2599 909 2667 dc
925 2616 1081 2691 potestate
1093 2610 1221 2689 nostri²

140 2688 203 2769 Qui
220 2688 324 2755 dilexit
340 2715 420 2765 nos,
438 2702 469 2753 ct
486 2688 561 2755 lavit
578 2715 634 2755 nos
677 2717 774 2781 quam
791 2692 879 2756 dedit
902 2682 994 2757 nobis
1017 2693 1172 2757 Dominus
1189 2695 1221 2758 in

93 2782 109 2841 b
133 2778 407 2867 peccatisnostris
427 2778 459 2845 in
482 2780 634 2867 sanguino
676 2778 941 2856 aedificationem,
963 2794 994 2845 ct
1014 2805 1078 2865 .¹¹⁰¹¹.
1102 2783 1136 2865 iu¹
1156 2782 1224 2854 dos,

91 2876 157 2931 suo.
176 2868 281 2955 Apoc.
303 2890 328 2931 ι.
350 2868 379 2933 5.
678 2871 870 2936 tractionem
883 2882 1029 2935 vestram.
1048 2870 1100 2935 lt.
1122 2894 1170 2937 ro.
1191 2876 1221 2937 8.

133 2956 269 3031 llisunt,
301 2954 635 3022 ui-lavcruutstolas
723 2955 756 3023 si
772 2958 842 3047 quis
855 2960 1082 3047 Episcopatum
1097 2960 1224 3026 desido-

93 3066 183 3118 suas,
212 3057 245 3109 et
271 2980 499 3111 dealbaverunt
523 3069 577 3111 eas
603 3046 635 3115 in
678 3060 749 3123 rat,
764 3049 887 3113 bonum
903 3071 983 3137 opus
1000 3047 1170 3115 desideret.
1194 3069 1222 3115 t.

94 3133 244 3285 sarrlpuiue
261 3130 351 3223 hgui.
371 3132 460 3200 Ibid.
482 3160 511 3221 7.
532 3136 580 3213 94.
681 3136 770 3203 Tim.
790 3133 821 3203 ὅ.
842 3162 868 3201 r.

165 3222 248 3298 ceti,
265 3222 319 3311 qui
337 3222 443 3287 lavant
456 3223 551 3288 stolas
564 3245 635 3288 suas
724 3222 832 3291 Bonus
851 3226 913 3291 eris
937 3225 1081 3311 minister
1105 3224 1224 3293 Christi
1243 3230 1248 3240 ‘

92 3310 122 3375 in
134 3312 289 3400 sanguine
301 3308 392 3400 hgni.
407 3310 496 3377 Ibid.
515 3334 566 3377 99.
584 3312 632 3391 ι4.
678 3314 777 3389 desa,
801 3314 961 3380 enutritus
988 3314 1093 3379 verbis
1119 3314 1195 3381 fidet
1214 3366 1223 3391 ‚

678 3400 714 3467 et¹
729 3402 821 3469 bouae
837 3396 1009 3479 doctrinm,
1032 3426 1129 3489 cluam
1145 3426 1226 3471 esse-

679 3504 827 3559 cutuscs.
846 3488 936 3557 ttici.
955 3496 986 3571 4.
1007 3494 1040 3559 6.
1129 3515 1131 3518 ·

141 3468 355 3512 nrtsconontttt
380 3469 515 3513 ELECTIO
545 3471 586 3513 nt·

89 3555 250 3602 oreretur.
264 3534 295 3598 V
297 3536 350 3600 nte
361 3540 391 3600 'ct
400 3558 632 3603 concionaroa.
724 3580 747 3644 S
769 3578 801 3643 ῃ.
825 3581 832 3595 .
1035 3584 1042 3598 .

735 3605 768 3641 ,ο
793 3587 867 3647 rorte
884 3604 961 3645 cura
978 3593 1011 3645 te
1034 3602 1138 3669 tpsum
1154 3604 1226 3670 pro·

134 3673 203 3761 Ego
230 3695 300 3736 sum
323 3684 432 3759 pastor
453 3671 576 3735 bonus:
605 3684 638 3735 ct
679 3668 819 3735 habilem
839 3662 990 3753 exhibere
1004 3670 1091 3747 Deo,
1116 3694 1226 3759 opera-

88 3783 337 3849 rognoscooocs
347 3784 449 3834 meas,
463 3772 638 3847 etcognos-
681 3759 765 3821 rium
811 3754 1090 3835 inconfusibilem,
1138 3764 1225 3823 rectis

88 3850 460 3913 cuntmemezevdoun.
483 3872 531 3913 ro.
552 3844 601 3927 ι4.
681 3858 871 3915 tractantem
904 3847 1034 3916 verbum
1071 3848 1221 3913 veritatis.

133 3936 345 4003 Considerate
374 3944 476 4025 ergo,
501 3936 637 4010 fratros,
684 3960 712 4001 9.
736 3934 822 4006 Tim.
844 3960 874 4001 9.
895 3938 943 4001 15.

88 4028 174 4092 viros
196 4050 236 4091 cx
260 4026 443 4091 vobisboni
466 4020 638 4091 testimonii
685 4030 687 4035 ’
726 4022 829 4113 liujus
857 4025 902 4089 roi
929 4022 1028 4111 gratiis
1057 4022 1170 4109 reliqui
1196 4037 1226 4089 to

90 4126 235 4203 septem:
254 4113 367 4202 plenos
383 4114 503 4203 Spiritu
521 4114 639 4183 Structo
683 4114 812 4189 Cretae,
840 4126 874 4177 ut
897 4136 964 4193 ca,
990 4132 1059 4199 quse
1089 4112 1225 4211 desunt,
