2884 4725
232 338 315 433 st⁸
463 310 550 397 att‘r'
661 376 664 383 .
1049 319 1144 393 tun

231 447 264 513 in
281 442 401 509 uiribus
413 440 477 507 suis
492 461 500 505 ε
518 450 551 503 et
566 443 660 527 suprh
677 443 773 525 quiam
860 428 1018 527 Egoscio,
1033 439 1194 525 quoniam
1206 440 1362 506 intrabunt

231 532 319 602 credi
328 527 604 617 potest,uriiversa
617 525 772 590 vastabit:
816 538 888 614 post
913 525 1148 598 discessionem
1171 550 1279 594 meam
1303 526 1362 614 lapi

231 632 263 687 et
289 616 528 709 prosperabitur
551 627 583 680 et
603 614 706 679 iaciat.
734 614 775 678 Et
816 636 950 705 rapaces
969 615 1002 681 in
1017 636 1100 690 vos,
1118 637 1187 683 non
1206 629 1363 720 parcentes

230 704 399 781 interficiet
408 706 613 782 robustos,et
620 701 774 855 populum
817 702 904 793 gregi
927 704 1047 769 :Etex
1072 702 1167 769 vohis
1189 705 1268 793 ipsis
1282 726 1362 769 exur

231 808 413 865 sanctorum
433 794 610 861 secundbm
627 816 665 857 vo
679 803 773 857 unta·
816 803 891 881 gent
901 790 1070 879 loquentes
1083 814 1256 947 perversa,
1272 805 1306 858 ut
1316 793 1363 857 ab·

230 897 294 951 tem
308 906 418 961 suam,
432 893 464 947 et
475 882 629 971 dirigetur
636 878 729 947 dolus
741 880 774 945 in
817 882 937 947 ducant
953 880 1082 972 discipu

229 994 327 1043 manu
348 972 418 1059 ejus
438 994 447 1043 t
469 982 503 1036 et
518 993 575 1038 cor
592 992 686 1037 suunt
704 990 775 1033 ma·
818 992 869 1036 ao.
893 990 945 1057 ²9·

230 1058 415 1151 gnificabit,
439 1071 472 1125 st
494 1060 527 1126 in
550 1059 642 1149 copia
665 1078 774 1123 rerum
861 1057 908 1125 Na
923 1056 994 1145 quis
1004 1079 1063 1124 vos
1075 1058 1215 1125 seducat
1227 1056 1294 1123 ulio
1303 1078 1362 1123 mo·

229 1150 374 1217 omnium
400 1147 525 1221 occidet
542 1146 715 1237 plurimos,
742 1159 774 1211 et
816 1144 881 1212 do:
899 1146 1052 1233 quoniam
1077 1148 1143 1215 nisi
1162 1146 1286 1213 venerit
1308 1144 1360 1209 dis

230 1249 342 1305 contra
380 1236 558 1327 principem
592 1236 772 1327 principum
816 1234 918 1301 cessio
947 1236 1121 1325 primhm,
1152 1247 1186 1302 et
1212 1233 1360 1301 revelatus

230 1338 465 1481 coilwglebt'iiet
477 1326 654 1493 sineamatpu
665 1335 774 1479 cosnte·
816 1323 910 1479 guprit
918 1321 1021 1429 homo
1035 1324 1166 1479 peecpti
1178 1375 1187 1400 ,
1201 1322 1285 1477 filim
1297 1345 1361 1475 pepi

229 1438 329 1482 reur.
400 1434 725 1479 a.u.a.a.a.
837 1434 969 1490 aronis,
1028 1436 1060 1478 ιιι
1092 1434 1308 1486 aversaur,

276 1502 470 1569 Cohiinrabit
505 1514 612 1568 autem
641 1512 773 1591 pactum
816 1499 978 1569 extollitur
1001 1436 1101 1590 dupra
1131 1522 1252 1579 omne,
1281 1496 1358 1587 quod

229 1590 340 1659 multis
355 1588 556 1659 hebdomadi
573 1596 635 1660 uui
659 1613 667 1657 ε
692 1602 724 1655 et
739 1590 773 1658 in
816 1588 933 1656 dicitur
941 1588 1047 1665 Deus,
1061 1603 1122 1656 aut
1133 1589 1223 1679 quod
1230 1587 1356 1654 colitur:

228 1678 362 1746 dimidio
398 1679 607 1746 hebdomadis
645 1678 773 1750 deficiet
815 1679 859 1744 ita
876 1689 912 1745 ut
941 1678 974 1743 in
996 1678 1122 1767 templo
1150 1680 1211 1745 Dei
1236 1676 1356 1748 sedeat,

229 1766 332 1835 hostia
346 1781 377 1833 et
393 1768 586 1834 sacrificium
601 1790 609 1832 τ
624 1780 656 1831 et
667 1767 772 1834 eritin
815 1764 1115 1843 ostendensse,tam
1140 1764 1354 1835 mmsittten.

228 1856 350 1946 templo
382 1856 578 1921 abominatio
606 1852 773 1924 desolatio·
816 1876 846 1921 a.
857 1854 964 1921 Tam.
975 1876 1005 1921 a.
1016 1856 1048 1921 b.
1059 1857 1110 1921 Vi
1163 1852 1353 1946 aptato.

227 1946 277 2015 nis
292 1967 301 2009 :
318 1955 351 2009 et
364 1948 463 2029 usque
475 1942 516 2008 ad
527 1944 773 2008 consummatio-
859 1940 996 2032 Spiritus
1012 1956 1122 2011 autem
1135 1944 1303 2011 manifeste
1316 1939 1356 2004 di

227 2055 303 2101 nem
320 2043 352 2097 et
368 2031 465 2097 finem
485 2030 698 2122 perseverabit
713 2031 772 2098 de·
815 2030 876 2108 cit,
894 2032 967 2118 quia
979 2033 1011 2097 in
1024 2034 1210 2100 novissimis
1218 2027 1357 2136 tempori

229 2120 352 2193 solutio.
375 2118 466 2186 Ibid.
493 2142 524 2207 9.
554 2140 605 2207 ap.
634 2120 666 2187 V
666 2120 721 2190 ide
741 2136 772 2186 et
813 2118 874 2184 bus
899 2118 1064 2187 discedent
1085 2122 1227 2209 quidam
1244 2128 1262 2185 h
1279 2116 1355 2190 hdo,

226 2206 328 2277 Zueb.
351 2230 401 2274 ιι.
431 2208 480 2275 ι5.
814 2207 1015 2275 attendentes
1037 2210 1209 2299 spiritibus
1225 2205 1354 2277 erroris,

271 2298 309 2364 ln
332 2298 477 2386 tempore
497 2305 604 2363 autem
624 2296 679 2364 ilio
696 2320 771 2365 con·
813 2308 845 2362 et
877 2296 1031 2365 doctrinis
1062 2298 1298 2367 daemoniorum
1325 2294 1353 2357 itt

226 2398 332 2476 surget
362 2385 497 2454 Micba'el
525 2387 674 2478 princeps
699 2411 771 2454 ma·
813 2385 975 2475 hypocrisi
1002 2387 1208 2477 loquentium
1230 2384 1354 2455 menda·

225 2498 326 2570 gnus,
345 2477 399 2566 qui
418 2488 481 2542 stat
498 2499 558 2568 pro
576 2466 649 2544 tiliis
661 2475 770 2565 populi
813 2476 927 2555 cium,
953 2489 985 2541 ct
1010 2480 1224 2545 cauteriatam
1244 2475 1352 2548 habene

1096 904 1135 948 os
1150 893 1226 973 post
1242 904 1287 949 se.
1304 882 1359 947 Ac.
1427 963 1428 970 ἵ

117 2641 119 2646 ¹
224 2565 271 2628 tni
295 2589 302 2631 :
326 2577 358 2630 et
381 2566 486 2634 veniet
511 2577 655 2653 tempus,
675 2564 770 2654 quale
812 2563 893 2629 tium
910 2587 1001 2630 suam
1019 2568 1272 2643 conscientiam,
1290 2581 1352 2651 pru

224 2674 290 2725 non
307 2653 366 2717 suit
382 2652 420 2717 ab
440 2675 498 2730 co,
523 2675 562 2719 ex
579 2677 643 2742 quo
659 2665 769 2742 gentes
811 2651 992 2724 bibentium
1009 2655 1154 2735 nubere,
1169 2653 1349 2722 abstineret

224 2763 294 2806 esse
309 2761 357 2804 coe
380 2752 493 2817 erunt,
511 2743 667 2832 usquead
684 2755 761 2812 tem·
811 2741 912 2818 cibis,
926 2765 1005 2829 quos
1012 2743 1099 2808 Deus
1107 2746 1232 2811 creavit
1243 2741 1281 2808 ad
1288 2757 1350 2829 per

222 2851 283 2918 pus
295 2761 384 2892 illud.
403 2827 493 2896 ibid.
521 2853 570 2896 aa.
593 2855 620 2897 ι.
810 2830 995 2918 cipiendum
1018 2855 1093 2898 cum
1109 2835 1286 2923 gratiarum
1305 2848 1349 2892 ⁸0·

268 2915 407 3004 Surgent
422 2917 507 2982 enim
525 2917 768 3008 pseudo-Chiis·
809 2919 896 2984 tione
904 2918 1070 2997 fidelibus,
1084 2934 1116 2986 et
1129 2923 1168 2990 iis
1199 2924 1231 2989 ui
1242 2937 1350 3006 eogntr

221 3005 266 3081 ti,
283 3017 316 3070 et
332 3004 652 3096 pseudoProphetae,
668 3021 701 3074 ct
713 3009 767 3075 da·
808 3019 922 3073 verunt
931 3008 1108 3077 veritatem.
1124 3035 1152 3076 1.
1172 2947 1261 3078 dim.
1273 3011 1303 3087 d·
1322 3025 1344 3065 ¹·

221 3093 304 3158 bunt
323 3093 409 3196 signa
423 3116 537 3182 magna
557 3105 590 3166 et
601 3095 763 3184 prodigia,
853 3095 1349 3192 Erunthominesseipsosaman·

220 3181 264 3248 ita
291 3192 327 3246 ut
351 3205 382 3248 m
404 3203 547 3248 errorem
572 3182 766 3250 inducantur
807 3194 880 3262 tes,
903 3184 1035 3273 cupidi,
1062 3186 1165 3267 elati,
1198 3178 1343 3276 superbi,

223 3269 268 3354 (si
296 3270 365 3336 fieri
411 3271 511 3360 otest]
541 3271 637 3344 etiam
656 3271 760 3340 electi.
805 3270 997 3360 blasphemi,
1008 3277 1198 3363 parentibus
1207 3269 1343 3342 nonobe

218 3357 340 3430 Mattla.
360 3292 411 3438 ed.
433 3361 484 3438 nd.
806 3361 948 3438 dientes,
962 3364 1096 3452 ingrati,
1124 3365 1268 3440 scelesti,
1282 3359 1344 3424 ⁸1⁰⁶

264 3445 354 3513 Multi
367 3449 452 3518 enim
470 3447 598 3516 venient
614 3449 646 3515 in
662 3451 764 3519 nomi·
805 3447 991 3529 affectione,
1008 3453 1076 3519 sine
1090 3475 1189 3541 pace,
1204 3450 1347 3520 crimina·

217 3551 260 3600 ne
286 3558 378 3612 meo,
408 3535 570 3616 dicentes,
601 3538 675 3626 quia
703 3562 762 3628 ego
804 3548 911 3614 tores,
931 3539 1185 3621 incontinentes,
1200 3538 1344 3608 immites,

217 3641 288 3688 aum
327 3646 335 3690 ε
371 3637 404 3690 et
441 3624 557 3693 multos
594 3625 757 3693 seducunt.
803 3627 872 3692 sine
886 3628 1114 3718 benignitate,
1146 3631 1344 3720 proditores.

215 3710 323 3782 Marc.
352 3713 401 3779 ιδ.
427 3715 457 3786 6.
803 3717 1090 3803 ριοῑεινί,ΐιιιιιίἀί,
1104 3719 1342 3809 etvoiuptatum

260 3799 328 3888 Ego
350 3801 420 3867 veni
447 3802 477 3870 in
509 3803 639 3868 nomine
660 3803 760 3870 Patris
803 3808 1253 3896 amatorcs,magisqumeei
1267 3828 1275 3870 ε
1290 3801 1345 3867 ha·

201 3886 294 3963 mei,
315 3900 347 3954 et
374 3911 438 3955 non
458 3882 602 3980 accipitis
627 3914 679 3959 me
705 3895 760 3959 :si
801 3891 1198 3984 bentesspeciemquidem
1228 3890 1336 3960 iotam,

215 3972 294 4040 alius
322 3979 444 4043 venerit
470 3979 652 4046 innomine
679 4005 758 4060 suo,
801 3981 951 4048 virtutem
973 3994 1079 4049 autem
1100 3985 1171 4075 ejus
1231 3975 1339 4072 degn·

212 4059 305 4135 ilium
318 4065 491 4162 accipietis.
510 4067 610 4140 toan.
631 4070 661 4138 5.
677 4071 733 4154 45.
800 4079 858 4142 toa.
878 4092 908 4142 a·
928 4069 1017 4141 Tim.
1040 4072 1072 4148 t,
1093 4093 1124 4145 a.
1146 4069 1150 4079 '
