2884 4725
308 318 380 385 lttl’
853 318 927 385 ΙΜΡ
1126 324 1189 401 455

52 428 207 519 perditio
227 451 303 504 sue,
327 442 360 496 et
375 429 479 494 subito
499 439 611 496 oonte-
652 426 759 494 oculos
777 452 871 505 euos,
888 436 963 495 cum
983 442 1064 495 esset
1080 431 1111 497 in
1127 444 1191 502 tor-

54 530 171 592 retur,
191 539 253 582 nec
267 516 400 582 habebit
415 518 496 583 ultri
512 517 612 584 medi·
652 518 765 582 mentis
778 568 786 591 ‚
797 516 873 581 vidit
883 518 1044 583 Abraham
1055 518 1189 609 clange,

55 608 185 671 cinam.
201 605 292 671 leta.
304 607 335 670 6.
352 628 401 671 ιι.
413 606 500 671 Vide
509 630 537 671 c.
557 631 606 672 ro.
651 616 683 669 ot
698 603 860 671 Lazarum·
873 606 905 671 in
921 607 991 671 sinu
1009 606 1089 695 ejus.
1109 602 1186 674 Luc.

56 696 112 759 25.
134 709 168 758 et
185 719 223 759 ο.
238 716 286 759 ιι.
307 719 337 780 7.
657 695 704 758 ιθ.
728 694 777 758 ιό.
798 694 837 757 Et
852 694 930 760 dixit
944 693 991 760 illi
1008 695 1188 763 Abraham:

104 783 248 870 Propter
269 783 348 859 hoc,
373 784 466 849 sicut·
481 781 610 847 devorat
652 780 731 857 Fili,
752 782 920 849 recordere
942 785 1015 873 quie
1043 786 1198 875 recepisti.

58 871 220 959 stipulam
235 871 342 959 lingue
357 871 458 960 ignis,
475 884 508 935 et
523 870 611 938 calor
650 870 735 935 hona
758 872 789 935 in
816 872 878 937 vill
901 879 973 947 tul,
1001 884 1032 937 ct
1054 871 1200 939 Lazarus.

57 958 336 1033 llemmaeexurit3
348 960 392 1025 sic
401 959 491 1025 radix
499 983 610 1025 eorum
651 957 796 1025 similiter
810 959 907 1025 mule:
922 982 1007 1025 nunc
1019 972 1126 1026 autem
1138 961 1192 1027 hio

59 1049 154 1135 quasi
167 1046 274 1113 serilla
286 1049 360 1120 erit.
372 1060 404 1112 et
412 1072 543 1137 germen
554 1072 604 1113 eo
651 1046 852 1124 consolatur,
870 1061 905 1113 tu
931 1054 1005 1113 vcro
1025 1048 1188 1115 crucieris.

59 1160 137 1201 rum
154 1149 192 1200 ut
206 1135 310 1225 pulvis
331 1136 491 1202 ascendet.
511 1137 610 1223 Abje-
650 1158 683 1199 v.
705 1138 763 1203 ιδ.

61 1224 611 1313 ceruntenimlegemDominiexer-
667 1282 671 1287 .
696 1223 767 1303 Qua
789 1225 841 1291 die
863 1236 970 1293 eutem
989 1225 1064 1291 exiit
1075 1223 1194 1290 lethe

62 1315 217 1389 cimam,
235 1332 267 1379 et
304 1312 465 1401 cloquium
502 1314 618 1381 Sancti
648 1308 817 1388 rSodomis,
838 1311 919 1400 pluit
935 1314 1059 1400 ignem,
1084 1326 1116 1378 et
1131 1312 1195 1379 suls

63 1401 167 1467 lsreiil
179 1402 488 1490 blasphemaverunt.
497 1404 564 1468 lea.
577 1406 606 1468 5.
652 1400 735 1487 phur
748 1400 790 1475 de
809 1400 910 1476 celo,
934 1413 967 1465 et
987 1424 1099 1467 omnes
1117 1394 1193 1491 pcr-

64 1495 119 1569 ²4·
144 1492 192 1555 Et
207 1515 276 1579 cap.
301 1494 356 1576 47.
378 1516 408 1578 9.
433 1490 612 1580 Babylonio
639 1488 741 1555 didit.
760 1487 850 1554 llid.
874 1510 923 1575 17.
940 1512 991 1575 ²9·

63 1578 259 1643 humiliatio
269 1579 473 1667 prodicitur.
651 1651 654 1655 r
696 1576 778 1643 (ium
800 1578 886 1642 enim
911 1576 1048 1643 dixerint
1073 1600 1134 1665 pax
1159 1589 1193 1660 et

114 1666 187 1733 Nec
208 1666 343 1753 Mayeia,
367 1690 427 1732 nea
447 1667 612 1734 Samuelis
652 1664 825 1731 accuritus:
852 1676 931 1732 tunc
947 1666 1132 1753 repentinus
1147 1665 1197 1729 eie

68 1756 226 1841 praeite·
251 1753 449 1842 Mundum
474 1779 506 1822 ra
529 1756 612 1822 dicit
652 1754 850 1841 superveniet
866 1754 1024 1828 interitus,
1041 1754 1121 1819 sicut
1134 1752 1193 1817 do-

69 1844 258 1917 Domiaus,
287 1844 371 1928 quin
395 1844 555 1932 papalum
582 1860 612 1909 at
652 1839 701 1906 lor
725 1843 756 1907 in
783 1854 874 1909 utero
900 1841 1049 1916 habenti,
1074 1853 1106 1905 et
1129 1864 1193 1907 non

68 1931 256 1995 lamuelem
281 1930 389 1995 tradet
415 1933 518 2019 pecti,
543 1934 612 2023 gla-
652 1928 813 2019 effugient.
835 1954 861 1995 ι.
884 1929 989 1995 Thera.
1010 1931 1040 1995 5.
1057 1930 1088 1995 t.

68 2020 142 2092 dio,
160 2021 247 2107 fami
263 2035 294 2083 at
309 2020 515 2107 captivitati,
533 2022 612 2105 qaia

69 2108 152 2172 casti
175 2122 250 2173 attu
264 2130 332 2172 uon
343 2122 388 2172 eat
401 2108 609 2184 emendatus,

71 2213 126 2260 ato.
145 2132 271 2260 laren.
291 2220 318 2260 c.
342 2198 390 2261 15.

113 2285 302 2349 Etlrerbia
313 2283 371 2348 viri
385 2286 561 2372 peccatoris
571 2309 613 2351 ne
697 2285 854 2374 Propheta
885 2299 991 2351 eutem
1026 2283 1103 2360 ille,
1140 2296 1195 2349 eut

76 2375 265 2439 timueritis:
294 2373 367 2460 quie
393 2371 492 2462 gloria
522 2376 612 2462 ejus,
654 2374 748 2442 lictor
759 2375 954 2440 somniorum
967 2373 1193 2438 interficietur=

76 2475 192 2530 stercus
204 2463 360 2535 etvermis
379 2474 436 2527 est.
457 2486 483 2529 ι.
499 2463 610 2532 Maol.
655 2463 728 2551 quie
744 2462 869 2528 locutus
884 2475 950 2538 est,
972 2474 1007 2526 ut
1027 2483 1082 2526 voc
1104 2485 1196 2526 aver-

81 2574 107 2614 ι.
124 2553 174 2615 lia
232 2569 235 2574 ·
654 2551 1196 2636 terethominoDeovestro,qui

121 2638 207 2705 Sicut
228 2640 317 2705 enim
339 2651 430 2705 crant
448 2641 481 2705 in
503 2640 615 2706 diebus
656 2640 763 2707 eduxit
774 2662 829 2705 vos
845 2638 884 2704 de
900 2643 983 2703 terri
1000 2636 1146 2726 AEgypti,
1164 2649 1195 2698 ct

79 2733 149 2792 ante
174 2725 329 2794 diluvium
355 2729 557 2794 comedentes
583 2743 616 2794 et
656 2728 851 2796 redemitvoa
863 2725 1007 2792 dedomo
1018 2725 1191 2792 servitutis:

77 2816 238 2893 libentee·,
254 2817 434 2892 nubentes,
455 2829 487 2881 et
501 2819 615 2907 nuptui
657 2831 693 2883 ut
720 2841 828 2882 errare
853 2829 884 2880 te
914 2815 1030 2881 laceret
1054 2813 1095 2884 de
1121 2814 1197 2888 vii,

78 2904 283 2979 tradentium
344 2904 415 2970 ead
425 2929 500 2971 eum
512 2905 614 2983 diem,
656 2929 753 2994 quem
780 2905 836 2970 tibi
863 2905 1012 2993 precepit
1041 2902 1197 2968 Dominus

81 2993 282 3080 quointravit
333 2999 372 3058 nii
387 2995 420 3057 in
438 3016 564 3071 arcum,
584 3008 616 3060 et
656 2996 742 3062 Deua
769 3007 864 3058 mus:
883 3003 914 3058 et
937 2993 1059 3080 euleres
1078 2991 1197 3060 melum

82 3103 144 3146 non
165 3093 381 3170 cognorerunt
407 3081 511 3149 donec
530 3084 617 3149 venit
657 3082 825 3150 demedio
850 3089 906 3148 tul.
930 3080 962 3146 Si
987 3080 1043 3144 tibi
1064 3078 1201 3148 voluerit

85 3168 249 3245 diluvium,
268 3181 302 3235 et
323 3168 394 3235 tulit
420 3194 549 3247 omnes;
574 3171 616 3237 iu
657 3169 848 3260 persuadere
873 3169 970 3236 freter
996 3179 1088 3242 tuus,
1115 3165 1198 3230 filius

85 3257 143 3321 erit
156 3269 187 3321 et
207 3257 358 3323 adrentus
378 3257 450 3323 Filii
465 3260 613 3327 hominis.
658 3260 768 3328 metris
778 3271 860 3334 tute,
877 3269 931 3324 eut
946 3255 1030 3326 filius
1045 3267 1136 3331 tuus,
1149 3252 1198 3316 vel
1268 3303 1270 3308 ,

86 3345 180 3411 Mau.
193 3347 489 3450 acceptante.
506 3372 613 3435 ¹7³7·
658 3347 722 3416 lilia
734 3399 743 3425 ‚
757 3349 821 3414 sire
834 3369 930 3422 uxor,
943 3367 1013 3432 quae
1025 3354 1073 3408 est
1083 3342 1115 3406 in
1129 3341 1203 3412 sinu

125 3432 318 3500 Dixiteutem
327 3434 373 3500 illi
381 3435 615 3512 Deuatstulte,
658 3450 737 3512 tuo,
758 3449 814 3502 eut
829 3435 966 3510 amicus,
1005 3454 1078 3496 uem
1096 3430 1200 3517 diligis

84 3520 145 3585 hle
161 3534 251 3587 nocte
265 3525 406 3589 enimam
421 3535 510 3591 tuam
526 3550 618 3615 repe·
659 3526 842 3592 utcnimem
854 3536 963 3598 tuem,
977 3456 1059 3591 clim
1071 3518 1198 3586 dicens:

85 3621 150 3674 tent
165 3617 183 3674 l
199 3622 250 3676 te:
270 3635 341 3701 qua
359 3623 466 3678 eutem
481 3616 615 3701 peristi,
660 3615 791 3690 Eamus,
803 3613 1013 3681 etscrviamus
1021 3607 1080 3674 diis
1092 3607 1204 3674 alienia

85 3699 171 3786 cujus
186 3701 303 3765 erunt?
323 3700 378 3766 Sic
398 3713 465 3778 eet,
486 3703 541 3790 qui
558 3703 619 3772 eibi
660 3727 739 3791 quos
752 3703 876 3792 ignoras
900 3710 992 3774 tu,et
1010 3709 1115 3786 patres
1136 3695 1200 3768 tui,

83 3785 409 3866 thesaurizet‚etnon
418 3791 507 3856 attin
515 3791 620 3861 Deum
661 3803 723 3858 etc.
756 3815 820 3858 non
849 3788 1031 3877 acquiesces
1060 3786 1126 3870 ei„
1142 3805 1201 3846 nec

82 3875 172 3942 diret.
182 3877 262 3944 Lae.
277 3897 327 3943 ιι.
337 3899 390 3944 ao.
401 3879 615 3946 anVidaotu.
661 3879 789 3956 audien,
806 3898 909 3964 neque
924 3886 1034 3962 percat
1048 3873 1077 3938 ei
1090 3868 1204 3936 oculus

81 3967 116 4042 ll
660 3981 734 4035 tuus
746 3980 792 4043 ,ut
806 3963 982 4032 miserearir
992 4013 1002 4037 ,
1013 3973 1046 4026 et
1062 3957 1204 4028 occultes.

118 4015 256 4121 elevans
270 4067 377 4123 autem
397 4055 621 4146 (divaepulol
663 4079 748 4128 oum·
791 4054 854 4128 sed
889 4051 996 4120 statim
1033 4046 1203 4116 interliciat

653 2062 842 2149 Impiorum
851 2064 984 2150 punitio
992 2060 1085 2125 lenit
1094 2075 1140 2126 est
1149 2062 1200 2126 arl'

722 2151 874 2213 timorem
901 2150 1125 2214 aemulatam.

965 4410 1033 4430 A.
