2884 4725
257 284 321 361 sat.
519 282 597 351 JUD
1067 282 1146 351 JDD

255 392 413 479 quianon
436 393 617 459 inveneritis
642 392 674 459 in
698 414 797 457 manu
838 390 1000 457 cituumin
1013 391 1368 481 judicieetnemm-

255 486 326 545 met
342 481 512 569 quippiam.
527 480 549 548 1
552 480 626 569 tid.)
640 504 690 547 ra.
709 483 740 547 5.
838 492 888 545 tus
913 479 1169 549 sanctificabitur
1190 484 1225 547 in
1250 484 1366 571 justitii.

299 566 792 659 Constituitque(reelosapitat)
836 567 903 635 Iso.
919 571 950 634 5.
973 571 1022 634 ι6.
1176 585 1179 589 “

152 672 156 685 “
253 656 377 746 judices
393 671 483 723 terrae
498 660 531 723 in
549 659 672 725 cunctis
688 659 795 724 civita·
879 657 1367 749 Vaequiconduntiegesiniquas:

254 745 338 810 tibus
351 747 433 811 dudo
444 748 590 823 munitis,
603 770 660 834 per
671 747 793 835 singula
835 757 868 809 et
878 747 1072 824 scribentes,
1085 749 1278 835 injustitiam
1284 750 1367 837 scrip·

250 831 344 910 locu,
362 848 393 899 et
409 831 592 923 praecipiens
611 834 790 922 judicibus:
834 847 969 900 serunt:
992 848 1027 899 ut
1041 840 1265 926 opprimerent
1283 837 1313 901 in
1327 838 1369 923 ju·

252 920 384 999 Videte,
401 926 462 999 ait,
479 924 555 1012 quid
569 924 690 991 faciatis
705 949 714 991 ε
728 948 792 991 non
834 921 918 987 dicio
933 947 1106 1013 pauperes,
1118 939 1155 991 et
1167 926 1234 991 vim
1245 926 1369 991 saoeoent

253 1010 337 1077 enim
348 1048 352 1059 ι
364 1013 500 1079 hominis
526 1014 679 1079 exercetis
705 1014 793 1102 judi·
834 1034 937 1077 causae
949 1012 1119 1079 humilium
1131 1013 1248 1104 popuii
1260 1015 1317 1079 mei
1325 1038 1333 1076 ι
1341 1024 1369 1075 ut

254 1100 337 1165 cium
347 1151 355 1175 ,
366 1101 421 1165 sed
433 1102 561 1167 Domini
571 1126 579 1166 :
590 1104 792 1190 etquodcun-
832 1113 938 1165 essent
958 1101 1062 1167 vidue
1077 1100 1192 1191 praeda
1207 1126 1328 1177 eorum,
1341 1115 1367 1165 et

253 1210 314 1339 pue
325 1189 556 1276 judicaveritis,
570 1191 665 1256 invos
678 1192 792 1257 redun—
831 1188 970 1277 pupilios
987 1189 1175 1278 diriperent.
1198 1191 1362 1257 tt.10.1.2.

275 1276 350 1341 abit.
370 1277 419 1343 Sit
433 1280 528 1345 timor
543 1280 670 1345 Domini
685 1282 791 1346 vobis·
878 1278 961 1357 Quia
978 1280 1078 1364 (dicit
1086 1280 1261 1345 Dominus
1268 1280 1365 1368 populo

251 1388 346 1441 cum,
365 1378 397 1431 et
412 1390 485 1433 cum
502 1368 662 1457 diligentie
675 1382 791 1435 cuncta
831 1365 1035 1454 Jerusalem)
1054 1368 1180 1433 inventi
1192 1380 1271 1433 sunt
1284 1369 1310 1431 in
1321 1390 1362 1453 po

251 1454 344 1523 facite
362 1479 371 1524 ι
389 1479 453 1521 non
470 1470 516 1522 est
531 1458 616 1522 enim
633 1458 716 1545 apud
729 1459 790 1523 Do
831 1444 908 1541 puio
937 1479 1009 1520 meo
1044 1457 1165 1544 impii,
1199 1456 1358 1521 insidiantes

249 1542 373 1609 minum
393 1544 498 1611 Deum
513 1557 658 1611 nostrum
673 1547 791 1634 iniqui·
831 1544 920 1631 quasi
936 1543 1094 1632 aucupes,
1109 1542 1356 1633 laqueosputer·

249 1643 313 1707 tas,
331 1656 391 1699 uec
428 1658 613 1700 ersonarum
625 1636 788 1724 acceptio,
831 1644 902 1709 tes,
926 1644 959 1697 et
985 1633 1113 1720 pedicas
1134 1624 1191 1699 'ad
1216 1631 1352 1723 capiendos

247 1742 308 1787 nec
317 1656 434 1811 cupidi>
441 1746 620 1789 munerum.
634 1726 792 1791 afflarat·
830 1721 924 1787 viros.
940 1721 1031 1787 Sicut
1041 1722 1199 1809 decipula
1211 1722 1295 1811 plena
1304 1720 1351 1783 asi-

250 1830 300 1896 19.
320 1810 349 1875 5.
369 1828 477 1898 etseq.
831 1810 912 1885 bus,
935 1811 986 1875 sic·
1004 1811 1117 1875 domus
1148 1808 1355 1897 eorum'pleuc

292 1898 509 1987 injudicando
520 1912 589 1965 esto
597 1899 724 1989 pupillis
732 1901 790 1965 mi·
831 1897 928 1963 doto:
947 1898 1018 1963 ideo
1038 1900 1243 1987 magnificati
1259 1909 1355 1963 suntet

248 1986 382 2054 sericors
401 2000 436 2052 ut
458 2000 565 2077 pater,
586 2001 617 2053 et
639 2013 698 2077 pro
720 1990 789 2055 viro
831 1986 931 2051 ditati.
948 1986 1116 2053 incrassati
1128 2001 1212 2053 sunt
1222 2001 1254 2053 et
1264 1986 1356 2075 impia·

247 2074 344 2141 matri
358 2076 484 2141 illorum
499 2102 507 2143 :
525 2089 558 2142 et
574 2077 636 2142 eris
652 2089 686 2142 tu
702 2076 790 2143 velut
829 2076 973 2164 guatizet
980 2077 1212 2164 praeterierunt
1220 2096 1356 2142 sermones

247 2162 331 2229 filius
349 2164 497 2231 ditissimi
509 2166 720 2243 obediens,et
732 2168 789 2231 mi·
829 2153 922 2249 meos
937 2165 1082 2252 pessime.
1109 2165 1256 2231 Causam
1276 2163 1356 2227 sidua

247 2253 403 2319 serebitur
418 2265 465 2320 tut
476 2257 594 2343 magis,
611 2264 706 2343 quim
723 2280 789 2322 ma·
830 2276 894 2317 non
909 2246 1155 2341 judicaverunt,
1173 2276 1296 2331 causam
1308 2274 1354 2339 pu-

180 2391 186 2404 s
245 2353 304 2408 ter.
328 2343 478 2426 dcciii.
501 2369 550 2411 ιο.
829 2341 1353 2432 pillinondirexeruut‚etjudiciun

182 2507 186 2514 Ι
290 2431 396 2497 «ludex
412 2435 536 2522 sapiens
555 2433 710 2522 judicabit
727 2457 784 2522 po·
850 2454 1006 2519 ariperum
1038 2455 1104 2496 non
1141 2433 1349 2519 judicaverint·

182 2536 187 2556 ⁸
246 2519 787 2611 pulumsuum,etprincipatussen·
828 2455 980 2607 Dunquid
990 2544 1086 2608 super
1097 2521 1218 2586 hisnon
1229 2518 1351 2585 sisitaio.

245 2612 305 2676 suti
321 2611 520 2707 stabilisprit.
538 2612 721 2678 Secundum
734 2611 783 2699 ju·
827 2607 905 2674 dicit
924 2609 1101 2674 Dominus?
1118 2621 1176 2675 uut
1188 2634 1224 2674 su
1287 2627 1354 2693 gen·

245 2699 349 2765 dicem
372 2699 506 2788 popuii,
532 2701 577 2767 sic
600 2699 786 2770 etministri
828 2697 1194 2785 temhujuscemodinon
1231 2699 1354 2761 ciscetur

245 2786 315 2873 ejus
333 2811 341 2852 ι
359 2801 391 2852 et
407 2785 506 2875 qualis
519 2803 625 2855 rector
641 2781 688 2854 es't
708 2789 786 2854 civi·
827 2786 1008 2852 animamca
1017 2785 1154 2851 iles-em.
1165 2787 1191 2848 5.
1201 2786 1247 2847 26.
1255 2797 1344 2863 etseq.

244 2875 341 2948 tatis,
365 2875 441 2941 tales
465 2887 500 2940 et
522 2877 736 2943 inhabitantes
753 2878 786 2942 in
867 2867 1348 2942 Pambotamtamdetctrts

243 2966 291 3028 ed.
307 2961 396 3028 Itid.
417 2987 465 3030 ιο.
485 2988 514 3030 ι.
534 2988 563 3030 9.
583 2967 615 3030 V
616 2967 668 3030 ide
680 2968 783 3031 Pron.
829 2978 900 3029 tus:
915 2959 1351 3050 Judexquidameratinqur-

246 3053 296 3117 98.
318 3053 365 3116 ι5.
384 3069 414 3118 et
429 3077 456 3118 o.
478 3076 529 3141 29.
553 3077 601 3119 ι9.
828 3051 902 3117 dam
925 3051 1073 3128 civitate,
1099 3051 1150 3138 qui
1169 3050 1272 3115 Deum
1295 3066 1353 3109 non

295 3141 462 3228 Usquequo
493 3141 641 3228 judicatis
667 3142 785 3229 iniqui·
827 3141 1352 3216 timebat,ethominemnonreue·

242 3240 340 3294 tatem
353 3279 364 3304 1,
393 3241 425 3294 et
451 3230 562 3295 facies
577 3241 784 3320 peecatorum
826 3230 967 3294 rebatur.
987 3229 1090 3316 Vidua¹
1102 3241 1211 3294 autem
1225 3223 1351 3314 quedam

241 3317 386 3384 sumitis?
401 3317 540 3404 judicate
555 3338 654 3408 egeno
674 3332 705 3384 ct
726 3341 784 3408 pu·
826 3331 895 3402 crat
910 3318 944 3382 in
960 3319 1085 3389 civitate
1098 3316 1171 3394 itte,
1183 3330 1218 3382 et
1229 3312 1352 3404 seniebat

239 3403 317 3508 pillo
337 3428 345 3470 :
372 3403 534 3472 humilem
553 3421 585 3472 et
610 3431 783 3498 pauperem
825 3406 868 3473 ad
888 3429 984 3482 eum,
1008 3406 1143 3472 dicens:
1168 3405 1297 3472 Vindice
1312 3421 1352 3464 ns

239 3493 429 3582 justificate,
446 3508 508 3562 etc.
527 3496 615 3562 Psul.
636 3499 688 3563 81'.
706 3521 736 3562 a.
748 3499 780 3564 5.
827 3495 867 3562 da
886 3495 1065 3562 adversario
1082 3517 1169 3561 meo.
1189 3496 1232 3558 Et
1246 3489 1351 3558 nolebat

285 3582 438 3672 Accipere
448 3609 614 3674 personam
628 3584 715 3674 impii
728 3587 784 3672 (in
825 3607 883 3674 per
898 3583 1035 3650 muitum
1052 3596 1191 3672 tempus.
1213 3583 1286 3656 Post
1300 3578 1351 3643 hat
1396 3588 1397 3621 ³

231 3671 406 3761 judicio),
427 3697 492 3739 non
519 3686 566 3740 est
587 3673 728 3750 bonum,
748 3688 783 3739 ut
825 3685 932 3739 autem
955 3672 1030 3738 dixit
1048 3672 1130 3736 intra
1151 3696 1186 3738 se
1206 3669 1349 3758 (judaei2
1396 3652 1397 3739 i

238 3759 778 3849 declinestveritatejudicii.Prae.
825 3760 893 3844 Etsi
924 3763 1027 3827 Deum
1061 3783 1127 3825 non
1160 3761 1284 3834 timeo,
1307 3771 1348 3855 ntt

243 3853 291 3916 18.
312 3853 342 3916 5.
358 3851 445 3916 Vide
456 3876 483 3918 c.
504 3875 552 3940 ¹9·
569 3853 599 3917 6.
615 3876 642 3917 c.
661 3854 712 3931 94.
726 3853 778 3918 95.
824 3851 990 3917 homiuem
1001 3869 1160 3922 revereon
1181 3861 1344 3932 tamenqur

236 3955 267 4012 et
282 3937 350 4006 Iso.
374 3964 401 4006 ι.
423 3941 473 4007 95.
822 3938 958 4006 molesta
980 3952 1028 4006 cst
1053 3937 1131 4003 mihi
1154 3937 1227 4004 haec
1250 3935 1341 4002 vidu.

282 4029 781 4104 EtexaltabiturDominusexer-
825 4028 995 4137 vipdicabo
1018 4026 1123 4103 ittam,
1147 4050 1191 4092 ne
1215 4026 1250 4094 in
1271 4019 1343 4136 notit
1395 3996 1396 4089 i
