2884 4725
324 228 409 299 ΜΡ
911 232 994 303 BAP
1179 239 1218 305 81

106 348 150 405 tur
172 336 273 407 suiuus
289 340 347 409 itta
372 342 412 409 de
425 342 636 432 popoiosuo,
678 344 712 411 iu
734 355 840 411 morte
870 345 969 433 ipsius
997 345 1151 449 baptisati
1172 335 1223 415 su-

103 430 166 515 quiu
180 442 309 517 paetum
323 454 437 497 meum
457 432 581 499 irritum
595 432 652 503 fes
678 432 771 497 musi*
792 431 895 498 Conso
918 434 975 499 uiti
1002 457 1087 499 cnuu
1115 458 1225 503 sumus

98 516 145 583 cit.
165 518 243 583 Gen.
267 542 319 605 ¹7·
343 522 394 599 ¹4·
678 542 755 590 cum
765 458 1128 611 illopsriaptismumin
1138 544 1224 591 mor·

135 605 304 672 Effundam
326 607 416 673 enim
435 630 531 695 aquas
545 632 639 698 snper
678 619 763 681 torus
783 620 818 673 nt
835 610 1225 702 quomodoChristussur·

92 693 262 771 sitientem,
279 708 315 763 et
328 696 451 761 [locuta
473 720 568 785 super
581 698 639 763 ari·
678 696 790 761 reuita
804 699 938 774 mortuis
953 696 1152 787 pergloriam
1160 700 1224 767 Pa-

92 782 360 849 damreffnndam
369 784 523 871 Spiritum
532 808 639 851 meum
679 784 757 860 tris,
769 784 854 851 itaet
869 807 929 851 nos
950 786 985 851 in
1001 788 1224 856 novitatevitae

93 892 184 957 super
195 894 311 939 semen
321 884 413 937 tunm
425 923 435 948 ,
447 873 639 939 etbencdic-
679 871 887 939 ambulemus.
906 872 941 939 si
957 875 1043 940 euim
1060 874 1224 964 complau-

91 960 207 1025 tioncm
239 984 355 1026 meam
385 984 481 1049 snper
510 962 639 1050 stirpem
679 961 737 1025 tati
771 961 847 1027 facti
882 984 990 1027 sumus
1023 958 1224 1030 similitudini

91 1059 185 1111 tuam.
206 1048 353 1129 Isotlslp.
375 1050 406 1114 5.
680 1050 792 1113 mortis
804 1050 874 1136 ejus
888 1075 896 1115 :
911 1048 1048 1117 simulet
1062 1071 1222 1119 resurrec-

130 1134 639 1226 Etess'undamsupervosaqunm
680 1136 776 1201 tionis
806 1136 934 1203 erimus.
963 1138 1033 1207 Hoc
1061 1140 1222 1217 scientes,

87 1224 263 1301 mundam,
292 1238 328 1289 ct
346 1225 579 1291 mundabimini
600 1226 639 1290 ab
680 1225 754 1311 quia
774 1237 863 1291 vetus
881 1225 977 1291 homo
1001 1239 1109 1293 noster
1130 1224 1224 1294 simul

87 1313 235 1379 omnihus
245 1313 503 1401 inquinamentis
511 1313 640 1390 vestris,
680 1312 851 1379 crucifixus
877 1326 944 1390 est,
973 1326 1009 1380 ut
1039 1314 1224 1382 destruatur

88 1412 118 1463 ct
146 1402 185 1465 ah
219 1401 388 1467 universis
415 1400 508 1467 idolis
533 1403 640 1467 vestris
680 1423 796 1489 corpus
819 1403 968 1490 peccati,
995 1414 1028 1467 et
1050 1402 1133 1469 ultra
1157 1424 1223 1470 non

88 1489 256 1555 mundabo
268 1513 340 1556 vos.
359 1490 476 1555 Ezech.
491 1491 542 1555 56.
560 1493 609 1557 25.
681 1490 853 1556 serviamus
867 1500 1009 1577 peceato.
1026 1492 1121 1557 horn.
1141 1494 1172 1557 6.
1189 1494 1232 1558 5.-

132 1578 166 1643 ln
194 1578 254 1643 die
282 1576 335 1645 illi
356 1578 417 1643 erit
439 1578 509 1643 fons
530 1591 641 1666 patens
681 1580 712 1657 4.
726 1579 757 1643 5.
768 1579 800 1643 6.
815 1578 901 1642 Vide
913 1578 985 1643 Gal.
1005 1579 1035 1643 5.
1057 1600 1109 1665 27.

92 1663 197 1731 domui
221 1666 353 1741 David,
370 1678 402 1731 ot
424 1666 641 1733 habitantibus
725 1668 766 1731 Et
779 1665 848 1731 haec
864 1664 994 1754 qnidam
1012 1666 1116 1732 fuistis
1136 1689 1145 1732 ι
1165 1665 1223 1733 scd

93 1750 297 1833 Jerusalem,
315 1756 347 1821 in
360 1752 554 1831 ablutionem
562 1778 641 1844 pec·
682 1753 782 1819 abluti
811 1755 907 1830 estis,
948 1753 1003 1819 sed
1035 1755 1226 1822 sanctificati

93 1844 207 1908 catoris
231 1856 267 1909 et
291 1856 506 1917 menstruatae.
536 1844 637 1909 Zaoh.
681 1842 782 1918 estis,
811 1842 867 1907 sed
894 1842 1058 1932 justificati
1081 1845 1156 1910 ostis
1189 1845 1225 1909 iu

99 1931 196 1996 151.
683 1930 811 1995 nomine
844 1931 970 1996 Domini
1009 1932 1109 1997 nostri
1146 1931 1227 1998 Jesu

138 2018 215 2083 Fuit
223 2019 363 2085 ioannes
378 2021 412 2085 iu
424 2019 643 2124 dosertohap-
684 2018 818 2094 Christi,
835 2031 867 2083 et
883 2020 916 2083 in
935 2019 1054 2107 Spiritu
1073 2019 1132 2085 Dei
1149 2042 1227 2085 uosu

100 2104 223 2185 tiuans,
260 2120 292 2171 ct
320 2107 498 2197 praedicans
525 2108 643 2196 baptis·
683 2106 735 2171 tri.
757 2130 783 2171 ι.
804 2107 880 2171 Cor.
895 2108 927 2172 6.
951 2131 1000 2172 ιι.

104 2213 195 2255 ιιιιιιιι
218 2196 405 2285 ponitentiae
432 2198 465 2262 in
488 2196 643 2261 remissio-
730 2195 770 2259 Ut
785 2192 871 2258 illam
887 2194 1117 2345 (Ecclesiomp
1133 2214 1227 2261 sanc·
1331 2262 1335 2270 ,

109 2298 184 2341 uem
199 2294 405 2366 peccatorum.
419 2284 527 2352 Maro.
542 2308 569 2348 1.
584 2288 616 2364 4.
684 2282 849 2354 tilicaret3
895 2280 1054 2345 mundans
1110 2304 1227 2347 avacro

157 2366 643 2460 Quicmdiderit‚ethsptizatus
685 2393 774 2460 aqum
790 2371 823 2434 iu
845 2369 1049 2444 verbositas,
1070 2381 1106 2432 ut
1135 2370 1228 2436 exhi-

107 2453 226 2530 sucrit,
239 2454 342 2520 salvus
351 2459 409 2522 erit
419 2483 427 2521 ε
438 2461 569 2545 quivero
578 2476 657 2526 non·
683 2459 849 2546 herotipsc
860 2455 919 2521 sihi
936 2454 1106 2544 gloriosam
1118 2453 1228 2522 E'ccio·

105 2541 640 2622 crediderit,condemuahitur.lb.
685 2548 781 2622 siam,
795 2566 860 2610 non
869 2543 1042 2610 habentem
1050 2542 1227 2622 maculam,

107 2633 157 2698 16.
183 2633 234 2696 16.
686 2646 741 2700 aut
755 2656 888 2723 rugam,
906 2645 961 2698 aut
976 2631 1096 2720 aliquid
1111 2632 1228 2721 hujus-
1243 2718 1245 2721 Ι

157 2721 220 2787 Res
264 2720 335 2786 ndit
362 2721 476 2789 Jesus:
507 2722 643 2800 Amen,
685 2722 793 2797 modi,
810 2720 866 2786 sed
880 2733 917 2784 nt
931 2722 971 2786 sit
988 2733 1097 2786 sancto
1113 2733 1147 2787 ct
1166 2722 1229 2788 im·

103 2833 193 2876 amen
212 2745 287 2876 dio
300 2810 356 2876 tihi
372 2835 380 2876 :
394 2812 455 2876 nisi
466 2813 536 2900 quis
551 2835 646 2878 rsua-
686 2807 858 2876 maculata.
876 2807 994 2896 Epiros.
1015 2811 1046 2874 5.
1064 2811 1115 2874 26.

105 2909 153 2962 tus
174 2899 270 2964 fuerit
296 2923 336 2963 ex
360 2905 441 2987 aquit
466 2913 499 2965 et
526 2901 645 2988 Spiritu
733 2899 773 2961 Et
787 2901 928 2963 voschm
942 2898 1059 2961 mortui
1074 2896 1227 2964 essetisin

107 2983 224 3052 Sancto
242 3037 251 3064 ,
269 3010 333 3052 uon
345 2999 451 3076 potest
466 2989 597 3054 introire
613 2989 645 3054 in
686 2985 839 3063 delictis,
870 2995 903 3048 et
932 2985 1088 3073 praeputio
1120 2985 1228 3051 carnis

107 3097 237 3228 Ἢιιιιι
252 3075 321 3230 Igei.
339 3077 440 3142 loun.
460 3077 491 3142 5.
511 3079 541 3142 5.
562 3077 657 3142 Vide
687 3086 817 3227 pestrae,
841 3072 1042 3225 coppiiicarit
1064 3096 1146 3225 cini·
1159 3071 1229 3225 iao,

107 3188 149 3226 ιι
212 3186 239 3229 ι.
281 3183 312 3228 o.
709 3185 810 3228 ouans
837 3184 876 3225 vo
899 3183 925 3226 ss
951 3183 1057 3226 omma
1106 3183 1167 3226 erc
1217 3184 1226 3226 r

147 3251 261 3317 Petrus
281 3258 357 3317 vero
370 3252 411 3316 ud
427 3251 496 3318 illos
514 3277 522 3318 ι
541 3251 644 3319 Poeni-
688 3251 798 3317 delens
810 3248 896 3338 quod
909 3247 1076 3314 advorsum
1091 3271 1149 3313 nos
1160 3260 1231 3312 crat

110 3341 237 3405 tentiam
252 3340 394 3427 (iuquit)
406 3341 507 3429 agite,
523 3341 641 3428 othap·
689 3337 946 3429 chyrographum
969 3336 1113 3411 decreti,
1143 3334 1231 3423 quod
1315 3391 1317 3394 ,

111 3425 648 3516 tizetoruuusquisquevcstrhmin
689 3440 758 3493 erat
789 3424 985 3492 contrarium
1016 3424 1131 3500 uobis,
1162 3435 1231 3489 etc.¹

109 3515 239 3578 nomine
257 3515 332 3582 iesu
354 3516 472 3581 Christi
491 3518 524 3582 in
542 3519 648 3584 remis·
691 3517 810 3582 Coloss.
828 3536 857 3578 ιι.
876 3514 925 3578 15.

106 3604 232 3667 sionem
265 3617 479 3691 peccatorum.
504 3605 580 3670 Aut.
615 3629 643 3670 u.
734 3603 806 3669 Nou
831 3601 1043 3689 exoperibus
1074 3597 1228 3686 justitias,

106 3693 164 3756 58.
183 3713 212 3753 c.
232 3692 262 3753 8.
282 3715 328 3756 ιι.
348 3693 402 3758 58.
421 3718 447 3758 c.
475 3695 524 3758 16.
545 3693 597 3758 55.
617 3719 643 3760 o.
710 3715 760 3757 nae
777 3689 908 3756 fecimus
928 3712 987 3754 uos
1011 3688 1092 3764 ,sed
1114 3707 1230 3751 sccun-

109 3781 161 3844 18.
183 3779 216 3841 8.
689 3715 864 3845 dhmsuam
875 3770 1228 3842 misericordiomsolvos

150 3865 649 3958 Aniguorutis,quiaquicumque
690 3864 1229 3955 nosfeoit‚periavacrumrogeue-
1269 3921 1278 3934 ,

99 3955 648 4114 ΒθρῑίῗῑέξιιπίιιιἰιιῦΙιιίιφιῐειιι,
691 3957 820 4033 rationis
831 3967 864 4022 et
876 3944 1229 4095 rcuoratiouisspiriths
1313 3998 1315 4002 .

222 4068 242 4109 ο
288 4068 303 4109 s

813 4230 832 4268 ἱ
