2884 4725
309 259 379 331 ru
857 253 926 322 ru
1131 257 1194 346 ⁵79

51 377 126 442 sint
149 395 314 442 memores
335 373 407 448 Dei,
428 381 461 436 et
480 368 615 436 benedi·
699 366 785 445 Filii,
795 367 924 434 obedite
933 367 1119 456 perentibus
1128 391 1195 434 ves-

52 476 145 532 cent
170 463 297 534 eum'in
313 461 399 526 omni
417 473 559 547 tempore
581 459 615 524 in
656 457 712 523 tris
727 459 760 523 in
772 457 911 523 Domino
923 479 933 521 t
947 456 1011 522 hoc
1025 457 1111 550 22122
1127 457 1208 544 jusi

54 551 403 628 veritatc,etintotd
415 548 530 614 virtute
545 552 613 624 sud,
657 559 725 612 tum
741 558 798 611 est.
816 547 850 611 Ε
872 544 986 610 1226.
1016 568 1043 609 t.
1063 547 1103 608 Et
1117 567 1193 620 ves,

53 641 372 719 letd.1t.10.11.
656 645 780 724 putres,
807 570 907 699 nolite
931 632 970 697 nd
997 633 1195 698 iracundiam

106 731 249 810 Quanta
279 727 440 792 mandavit
493 724 615 792 atribus
656 745 830 811 provocare
859 720 942 786 lilios
968 733 1111 794 vestros3
1139 721 1196 787 sed
1308 800 1312 809 .

54 818 192 884 nostris
205 828 278 881 note
291 816 395 882 secere
406 838 443 880 22
452 748 524 879 liliis
532 813 612 878 suis:
656 811 791 876 educate
814 809 883 874 illos
902 810 935 874 12
958 807 1143 897 discipline,
1163 821 1197 875 et

55 919 95 970 ut
121 916 303 994 cognoscat
323 903 486 992 generatio
503 900 611 967 altere.
656 900 857 988 correptione
873 898 1013 964 Domini.
1030 923 1063 963 v.
1080 901 1111 976 Δ.

55 995 142 1060 Filii
167 995 226 1080 qui
249 1005 439 1066 nascentur,
466 1003 615 1056 212222-

54 1096 145 1172 gent
163 1133 175 1158 ‚
194 1095 225 1147 et
241 1082 415 1146 narrabunt
433 1078 506 1145 filiis
526 1079 613 1144 suis:

57 1184 95 1236 ut
113 1183 248 1261 ponent
263 1171 295 1234 in
318 1170 385 1235 Deo
400 1191 491 1257 spem
506 1190 613 1243 sunm,
702 1167 784 1234 Filio
800 1167 911 1233 doloso
931 1167 1011 1234 nihil
1029 1169 1090 1234 erit
1105 1169 1193 1235 boni.

58 1273 94 1325 et
131 1283 207 1326 non
234 1257 459 1324 obliviscuntur
483 1279 615 1344 operum
657 1258 756 1322 Pron.
779 1259 896 1336 1415.

56 1349 142 1424 Dei,
156 1346 425 1452 etmendetuejus
436 1345 612 1431 exquirent.
703 1347 819 1412 Servus
834 1347 958 1433 sapiens
982 1345 1199 1411 dominabitur

57 1438 161 1503 Peal.
182 1459 234 1522 77.
249 1436 280 1499 6.
298 1459 327 1522 7.
658 1431 731 1499 liliis
761 1433 881 1509 stultis,
915 1446 953 1502 et,
973 1434 1057 1499 inter
1085 1434 1198 1500 fratres

110 1523 225 1600 Audi,
251 1522 296 1589 lili
326 1523 388 1597 mi,
418 1519 616 1608 disciplinam
658 1522 877 1588 haereditetefn
891 1522 1021 1587 dividet.
1035 1523 1125 1589 lbid.
1145 1547 1194 1611 ¹7·

60 1612 257 1702 putristui‚
270 1623 351 1676 etue
364 1610 502 1675 dimittas
515 1609 616 1697 legem
661 1635 690 1676 2.
712 1611 810 1678 Natus
826 1624 874 1676 est
889 1610 1003 1676 stultus
1017 1613 1051 1677 in
1067 1612 1198 1700 ignomim

61 1701 191 1766 matris
212 1712 273 1764 tute
291 1723 299 1764 :
317 1709 352 1762 ut
367 1699 503 1763 addatur
517 1699 617 1786 gratie
659 1700 747 1764 21222
766 1723 855 1764 suem
875 1723 885 1764 ε
906 1699 961 1764 sed
982 1723 1042 1766 nec
1059 1712 1150 1788 peter
1164 1701 1198 1764 in

63 1789 179 1877 capiti
193 1799 307 1864 tuo,et
315 1800 443 1876 torques
451 1785 534 1854 eollo
546 1797 612 1852 tuo.
660 1789 747 1853 fatuo
761 1787 930 1854 letabitur.
948 1813 981 1853 v.
1003 1812 1054 1853 22.
1074 1789 1124 1853 122
1140 1812 1198 1877 pe·

67 1880 183 1945 Pron.
208 1901 234 1942 1.
254 1879 283 1942 8.
302 1900 332 1964 9.
659 1877 737 1953 tris,
765 1877 848 1943 lilius
877 1876 1021 1942 stultus-t
1044 1888 1077 1943 et
1106 1877 1199 1942 dolor

115 1967 157 2030 ln
193 1965 309 2031 timore
340 1963 469 2030 Domini
502 1963 619 2030 1112212
660 1966 769 2030 matris
787 1967 980 2054 quzegeuuit
997 1989 1082 2030 eum.
1097 1989 1128 2031 v.
1144 1967 1195 2030 25.

67 2053 291 2130 fortitudinis,
319 2065 352 2118 et
373 2051 446 2118 filiis
469 2052 538 2140 ejus
557 2054 619 2118 erit
706 2053 769 2133 Qui
800 2055 938 2120 custodit
964 2053 1084 2142 legem,
1116 2053 1199 2120 silius

66 2167 158 2232 spes.
177 2141 270 2208 l'bid.
293 2144 341 2222 ¹4·
361 2142 411 2208 26.
661 2143 785 2229 sepiens
800 2155 849 2208 est
863 2167 870 2208 ε
885 2143 939 2230 qui
958 2155 1064 2207 autem
1079 2165 1201 2208 comes-

121 2233 142 2296 J
146 2245 257 2307 ustus,
275 2231 328 2318 qui
345 2229 485 2295 ambulat
496 2230 529 2294 in
541 2230 619 2296 sim-
661 2231 1199 2319 satorespascit‚conluuditpetrem

97 2319 223 2389 licitate
235 2324 310 2399 sud,
323 2318 433 2393 beatos
444 2332 515 2408 post
532 2343 565 2387 22
580 2317 619 2387 11-
661 2342 765 2386 suum.
786 2319 876 2385 leid.
912 2322 963 2385 28.
983 2345 1014 2406 7.

72 2344 130 2477 lios
148 2408 361 2496 derelinquet.
377 2406 397 2473 1
401 2407 466 2473 bid.
489 2432 539 2475 2ο.
564 2434 593 2495 7.
705 2406 1154 2484 1111111111222112221111122,
1168 2421 1201 2473 et
1303 2460 1306 2468 .

116 2496 332 2574 Audi,filimi
344 2498 616 2585 ,etestosapiensz
661 2517 758 2563 curre
776 2496 845 2562 illos
865 2496 1036 2585 lpueritid
1058 2495 1196 2562 illorum.

73 2600 106 2649 rt
118 2588 226 2675 dirige
242 2587 275 2651 12
291 2585 340 2651 viti
357 2586 499 2649 animum
514 2598 615 2651 tuum.
662 2586 751 2651 Filiae
769 2586 828 2651 tibi
851 2586 945 2650 sunt?
971 2608 1059 2651 serve
1085 2606 1200 2688 corpus

73 2675 95 2743 I
99 2675 167 2739 bid.
184 2676 237 2741 25.
260 2698 309 2761 ¹9·
661 2674 808 2750 illarum,
824 2686 856 2738 et
874 2698 938 2739 non
954 2674 1101 2739 ostendes
1118 2673 1201 2738 lulu-

118 2764 206 2829 Puer
233 2774 341 2827 eutem
368 2784 454 2828 erem
476 2762 620 2849 iugenio-
662 2786 732 2829 rem
746 2763 862 2828 taciem
877 2775 964 2827 tuem
975 2762 1017 2828 ad
1031 2761 1109 2827 illus.
1126 2762 1230 2829 Tra-e

73 2874 148 2927 sus,
177 2862 212 2917 et
238 2851 367 2916 sortitus
390 2874 460 2916 sum
483 2851 621 2915 animum
663 2851 703 2916 de
737 2850 853 2926 liliam,
892 2864 924 2916 et
963 2851 1082 2940 grande
1122 2874 1201 2939 opus

73 2938 273 3005 1222222282
298 2942 420 3005 .8.1.
663 2939 798 3016 leceris,
823 2952 855 3005 et
877 2940 999 3005 homiui
1020 2952 1145 3005 sensato
1160 2940 1201 3005 de
1255 2978 1260 2989 ·

101 2964 622 3113 Nejucuuddrismldiisimpiis‚si
662 3026 760 3094 illum.
779 3030 883 3095 Eceli.
903 3054 934 3116 7.
954 3030 1006 3094 25.
1025 3044 1056 3093 et
1069 3052 1132 3114 227.

77 3112 359 3201 multiplicentur:
379 3138 440 3181 nec
456 3113 622 3179 oblecteris
709 3116 861 3182 Confusio
884 3118 982 3206 petris
1003 3129 1051 3182 est
1073 3118 1113 3182 de
1134 3115 1202 3181 filio

79 3225 185 3291 super
208 3203 305 3290 ipsos,
326 3204 353 3269 si
377 3215 505 3269 nonest
529 3204 623 3267 timor
664 3203 898 3293 indisciplinato
938 3230 946 3272 ε
985 3206 1050 3271 lilio
1095 3217 1202 3270 eutem

77 3292 145 3358 Dei
172 3288 294 3357 inillis.
322 3292 394 3359 Non
417 3292 528 3357 eredes
553 3292 623 3356 vitae
668 3294 800 3381 (fatue)
819 3294 852 3359 12
868 3294 1122 3360 deminoratione
1132 3293 1199 3359 fiet.

75 3380 230 3455 illorum,
257 3392 289 3444 et
315 3404 356 3446 22
386 3378 559 3468 respexeris
590 3380 623 3445 in
664 3380 754 3446 lete.
790 3404 841 3447 22.
877 3384 907 3447 ὅ.
946 3381 1027 3447 Filia
1062 3384 1204 3471 prudeus

77 3470 210 3535 labores
221 3490 343 3533 eorum.
358 3466 468 3533 llelior
480 3479 527 3533 est
538 3469 624 3535 enim
665 3468 833 3553 haeredites
855 3470 921 3535 viro
936 3492 994 3535 suo
1012 3494 1020 3535 :
1037 3487 1073 3535 ct
1086 3475 1204 3539 civem

76 3581 166 3623 unus
178 3558 294 3624 timens
303 3556 419 3634 Deum,
433 3563 530 3645 quem
538 3556 625 3622 mille
666 3558 824 3646 turpiter,
836 3561 1027 3625 mestitiam
1035 3556 1136 3650 affert
1149 3586 1206 3652 gc-

75 3646 136 3713 filii
168 3646 269 3749 impii.
301 3646 340 3710 Et
371 3644 447 3711 utile
469 3657 517 3711 est
542 3645 624 3711 mori
665 3647 780 3711 nitori.
800 3646 1016 3736 Imprudens,
1034 3663 1205 3736 patremrt

75 3738 150 3801 sine
164 3734 259 3811 liliis,
275 3741 372 3821 quem
388 3733 565 3823 relinquere
584 3733 626 3799 li-
665 3735 780 3799 uirum
788 3736 1202 3840 affecitignominidedd.

75 3822 274 3912 liosimpios.
288 3822 391 3888 Eceli.
411 3824 460 3889 16.
480 3847 506 3889 ι.
521 3838 621 3908 deep.
711 3822 739 3888 Α
761 3824 834 3891 liliis
857 3826 919 3891 tuis
943 3831 1123 3901 2222212
1144 3823 1206 3885 do-

122 3912 220 3978 Peter
235 3910 310 3979 111112
323 3911 625 3985 notemieeietreri-
666 3912 806 3979 mesticis
842 3915 904 3980 tuis
938 3913 1079 3988 attende,
1110 3909 1202 3979 Ibid.

77 3996 384 4075 1212212222122.
402 4000 453 4067 58.
477 4024 526 4089 ¹9·
669 4000 820 4067 3226.
1008 4031 1014 4037 ·

795 1035 826 1099 V
827 1035 890 1098 itio
908 1049 1055 1098 caveam.
