2884 4725
307 302 380 369 ssu>
858 302 930 369 rur
1128 306 1192 393 ⁴⁵⁹

49 438 116 566 per
157 413 267 485 altaris
298 416 476 493 circuitum.
514 414 604 484 ibid
651 414 751 571 blaesil
762 428 794 481 et
820 416 1193 571 sclpipdiebpntbspiritum

75 526 147 569 ,2.
457 553 462 561 -
718 526 818 572 cum.
887 520 1189 571 s..r.et.

99 590 202 657 Fecit
212 590 265 657 tto
287 607 405 669 ses,nt
415 604 608 682 praeceperat
696 593 866 683 segregate
892 592 970 660 mihi
994 528 1194 668 Saulumludt

49 679 234 779 Dominus.
254 614 399 771 (lbmque
416 680 537 747 tulisset
549 680 601 747 Jo
653 680 832 749 barnabam
848 733 857 759 ,
873 682 906 747 in
930 704 1033 772 opus,
1051 680 1091 747 sd
1107 682 1193 769 quod

52 792 132 843 sue,
146 769 607 837 statuiteumcoramEleazaro
652 771 806 859 assumpsi
823 795 887 836 eos.
908 768 998 836 Tunc
1013 770 1193 859 jejunantes

52 858 262 934 Sacerdote,
278 871 311 923 et
325 860 412 925 omni
430 859 607 947 frequentia
651 871 686 923 et
701 872 849 949 orantes,
865 860 1127 949 imponentesque
1148 858 1193 924 eis

51 945 187 1034 populi.
208 948 249 1011 Et
263 947 417 1036 impositis
431 947 527 1035 capiti
539 948 609 1035 ejus
652 971 785 1025 manus,
802 946 989 1015 dimiserunt
1004 945 1083 1013 illos.
1098 944 1188 1015 lbid.

52 1034 608 1124 manibus,cunetareplieavit,quae
656 1038 705 1103 15.
727 1060 756 1101 a.
778 1036 807 1101 5.

53 1124 272 1189 mandaverat
306 1125 469 1191 Dominus.
504 1125 605 1191 llam.
694 1125 753 1189 His
779 1124 918 1202 auditis,
945 1124 1094 1213 baptizati
1120 1134 1194 1189 sunt

58 1236 116 1297 27.
143 1235 197 1277 as.
215 1214 266 1277 25.
652 1214 791 1299 quidam
816 1213 971 1302 discipali
994 1210 1188 1301 (Ephesii)

106 1300 347 1390 Consus-gentes
394 1314 501 1367 autem
545 1300 608 1366 duo
651 1303 685 1369 in
699 1298 829 1368 nomine
841 1301 1061 1367 DominiJesu.
1072 1300 1193 1367 Etcum

55 1389 245 1478 presbyteri
275 1390 308 1454 in
340 1389 445 1455 medio
474 1388 607 1477 populi,
653 1391 853 1479 imposuisset
867 1388 927 1455 illis
940 1411 1052 1457 manus
1063 1387 1191 1465 Paulus,

57 1490 245 1565 posuerunt
274 1500 386 1543 manus
416 1502 487 1543 suas
515 1502 610 1567 super
652 1480 737 1545 venit
768 1478 791 1545 S
815 1480 903 1543 iritus
933 1477 1069 1545 Sanctus
1098 1500 1194 1565 super

58 1566 438 1733 ῗριιῑεζέιερῖςωαππω
458 1568 604 1655 settim).
652 1592 726 1643 eos,
736 1503 1129 1722 pttlblpnetbarptppilingni}
1136 1616 1145 1642 ,
1159 1576 1195 1718 gt

96 1671 299 1719 aa.s.s.
652 1678 897 1811 prppeasn.
975 1676 1190 1743 s.19...

114 1744 157 1805 Et
181 1741 376 1816 complexans
395 1767 450 1808 eos
476 1743 609 1829 (scilieet
728 1743 769 1811 oli
784 1743 942 1833 negligere
957 1742 1108 1833 gratiam,
1125 1764 1195 1831 quae

59 1831 238 1917 parvulos)
249 1881 259 1907 ,
272 1844 302 1895 et
318 1832 482 1920 imponens
497 1856 610 1898 manus
652 1834 747 1899 estin
764 1846 813 1909 te,
831 1856 901 1921 quae
917 1833 988 1897 data
1004 1843 1051 1897 est
1066 1831 1123 1895 tibi
1139 1854 1196 1919 per

64 1941 170 2006 super
193 1917 284 1995 illos,
308 1918 521 1987 benedicebat
540 1944 604 1987 eos.
652 1922 873 2017 prophetiam,
896 1945 971 1988 cum
993 1920 1196 2011 impositione

61 2006 176 2073 Marc.
197 2031 245 2079 so.
266 2010 314 2076 16.
653 2036 806 2078 manuum
826 2008 1023 2100 presbyterii.
1054 2032 1080 2073 r.
1106 2009 1193 2074 Tim.

61 2186 241 2275 Impositis
258 2192 473 2255 manumiss
492 2190 611 2255 Sarra·
653 2104 685 2181 ll·
699 2103 811 2254 itibus
827 2189 891 2253 citb
907 2188 1026 2256 nemini
1042 2186 1197 2273 imposue-

106 2291 220 2342 mento
233 2277 612 2367 OrdinisstConfirmar
653 2278 697 2344 ris
724 2328 732 2352 ,
774 2299 876 2430 despue
913 2272 1197 2341 communicaveris

112 2366 223 2433 staua.
654 2367 823 2458 peceatisa
838 2365 925 2430 ienis.
944 2364 1034 2430 Ibid.
1051 2365 1080 2428 5.
1099 2385 1149 2428 ss.

698 2456 833 2546 Propter
843 2476 939 2543 quam
950 2475 1079 2519 causam
1091 2451 1199 2516 admo·

113 2549 155 2612 Et
178 2549 345 2638 elegerunt
379 2551 390 2632 (
415 2551 566 2641 Apostoli
596 2553 608 2639 )
655 2567 716 2612 neo
728 2559 758 2610 te
775 2543 939 2630 (loquitar
953 2541 993 2605 de
1006 2538 1074 2630 fide
1091 2539 1199 2605 Timo

72 2635 302 2724 Stephanum,
340 2639 444 2706 virum
481 2639 612 2727 plenum
657 2632 740 2711 stri,
756 2657 823 2703 aon
840 2630 964 2719 fieta),
984 2641 1019 2694 ut
1033 2628 1199 2696 resuscites

70 2723 137 2788 fide
147 2737 178 2789 et
186 2726 307 2815 Spiritu
316 2727 433 2793 Sancto
448 2740 480 2794 et
492 2727 608 2816 Philip·
655 2724 789 2811 gratiam
801 2720 859 2786 Dei
871 2770 880 2796 ,
892 2741 963 2809 quae
974 2729 1021 2782 est
1032 2717 1065 2782 in
1078 2729 1108 2780 te
1119 2767 1128 2791 ,
1141 2737 1199 2802 per

67 2837 147 2902 pum
162 2865 172 2890 ,
187 2827 221 2880 et
241 2815 458 2893 Proeborum,
475 2829 507 2881 et
523 2817 614 2882 Nica·
656 2810 890 2900 impositionem
923 2827 1078 2874 mannum
1110 2826 1199 2870 mea-

67 2925 198 2979 norem‚
211 2913 245 2968 et
255 2903 614 2980 Timonem,etParme-
657 2921 739 2966 rum.
776 2897 845 2962 Non
876 2898 960 2962 enim
991 2894 1079 2960 dedit
1106 2892 1198 2958 nobis

68 3013 173 3067 nam,
203 3003 235 3056 et
262 2992 428 3059 Nicolaum
458 2992 614 3060 advenam
656 2984 1049 3075 Deusspiritumtimoris3
1064 2981 1118 3047 sed
1135 2981 1199 3045 vir-

70 3077 319 3146 Antiocbennm.
341 3081 405 3147 llos
435 3093 614 3147 statuerunt
657 3077 754 3153 tutis,
771 3087 803 3140 et
818 3072 995 3139 dilectionis
1010 3121 1019 3146 ,
1035 3082 1067 3135 et
1082 3069 1187 3136 sobrie

70 3171 150 3230 ante
158 3181 361 3256 conspectum
373 3169 613 3258 Apostolorum,
656 3165 739 3230 tatis.
761 3187 790 3230 s.
810 3163 897 3231 Tim.
918 3185 945 3229 1.
965 3161 995 3224 6.
1012 3183 1041 3248 7.

70 3265 107 3338 et
123 3267 247 3322 orantes
261 3259 481 3345 imposuerunt
492 3259 538 3330 eis
551 3282 614 3323 ma·

67 3365 144 3408 nus.
160 3345 271 3416 Actor.
287 3348 394 3412 6.5.6.
658 3364 857 3412 sununscsrss
885 3358 1009 3407 conans
1035 3357 1196 3404 saronas.

117 3431 182 3511 Qui
203 3439 277 3499 etun
293 3436 453 3500 venissent
472 3437 483 3522 l
499 3437 616 3500 Petras

66 3535 99 3583 et
127 3520 276 3588 loannes
305 3523 343 3587 ia
364 3525 612 3611 Samariam),
691 3523 956 3605 vocaveruntque
968 3513 1146 3602 Lothlvs'ri
1157 3517 1200 3582 ai-

66 3622 241 3677 orsverunt
255 3635 315 3698 pro
330 3613 422 3700 ipsis,
438 3625 474 3677 ut
488 3612 616 3702 accipe·
657 3612 775 3678 vitatis
789 3608 940 3678 Sodomae
956 3609 987 3692 ),
1005 3617 1037 3672 et
1052 3603 1201 3672 dixerunt
1245 3603 1250 3614 “

66 3709 142 3762 rent
157 3697 314 3787 Spiritum
327 3691 482 3767 Sasictum
505 3725 514 3766 ε
539 3723 616 3766 non·
658 3701 688 3766 ei
707 3723 715 3764 ε
739 3699 798 3764 Ubi
814 3707 887 3762 sunt
903 3694 977 3770 viri,
999 3693 1053 3783 qui
1069 3694 1200 3761 introie-

66 3785 281 3855 dumenimin
329 3812 480 3877 emquam
488 3787 616 3856 illorum
658 3801 734 3856 runt
749 3786 790 3854 ad
801 3797 832 3850 te
848 3783 969 3850 nocte?
984 3783 1100 3870 (erant
1111 3781 1201 3848 enim

67 3888 219 3953 venerat,
324 3876 475 3966 baptizati
492 3883 616 3942 tantum
659 3879 725 3944 duo
738 3874 879 3965 Angeli,
899 3895 978 3959 quos
989 3869 1069 3938 Loth
1084 3869 1202 3954 recepit

65 3975 162 4028 erant
185 3965 218 4028 in
235 3965 365 4031 nomine
380 3965 510 4046 Domini
525 3964 612 4030 Jesu.
659 3968 698 4031 ta
713 3967 848 4032 mnsam
866 3983 971 4038 suam,
991 3963 1001 4048 )
1029 3957 1118 4024 Educ
1134 3955 1203 4022 illos

65 4049 163 4122 Tune
177 4053 386 4140 imponebant
398 4077 511 4121 manus
523 4077 618 4142 super
659 4055 755 4134 hirc,
795 4066 844 4142 ut'
867 4069 1093 4139 cognoscamus
1131 4069 1194 4110 eos.
