2884 4725
312 312 395 380 con
858 306 945 375 con
1146 309 1204 403 ¹⁸7

99 418 283 511 penitudine
308 416 413 485 cordis
435 416 481 481 tui
501 416 535 481 in
558 413 619 482 uui·
665 416 1205 488 isciemmeamscidistivestimentu

100 510 180 575 uersis
191 508 358 597 gentibus,
372 508 405 572 in
459 528 491 571 as
501 503 624 593 disper·
666 523 741 585 tna,
757 520 790 573 et
806 506 919 572 fleuisti
934 529 1044 572 coram
1054 528 1128 580 me,
1146 528 1206 594 ego

97 598 162 663 serit
186 609 218 661 te
244 596 401 663 Dominus
416 528 508 659 1iicus
528 605 623 667 tuus,
666 618 794 688 quoque
811 595 954 661 exaudivi
970 607 1023 669 te,
1044 594 1123 660 dicit
1138 594 1206 659 Do-

96 698 122 751 et
141 708 281 752 reversus
303 685 400 751 fueris
420 682 459 747 ud
477 703 569 756 eum,
592 692 638 747 et'
664 686 781 753 minus.
795 684 885 750 Ibid.
904 684 957 764 54.
973 684 1025 749 ns.
1042 695 1096 769 «η.

97 774 241 839 obedieris
266 772 339 862 ejus
357 770 518 860 imperiis,
544 770 625 836 sicut
709 773 745 840 si
761 796 903 839 reversus
920 772 1017 838 fueris
1031 770 1073 836 ad
1091 770 1206 836 Omni-

96 886 111 927 e
129 886 147 927 o
163 860 259 927 hodia
276 862 428 952 praecipio
445 858 529 933 tibi,
551 881 625 925 cun
708 874 841 939 tentem,
849 860 1067 933 edificaberis,
1075 857 1207 1013 etioqqe
1325 904 1330 916 .

96 886 158 1015 biii:
173 950 253 1025 teis,
269 951 382 1017 intoto
398 946 626 1024 cordetuo,et
697 949 1152 1039 oiesiniquitatemdtubernac
1187 972 1207 1013 o

97 1039 125 1103 iu
151 1044 212 1107 toti
246 1039 353 1107 anime
379 1042 463 1103 tui:
497 1036 627 1101 reducet
666 1052 734 1106 tuo.
750 1038 816 1104 lob
833 1060 885 1104 su,
905 1038 956 1104 ab.

96 1126 238 1197 Dominus
270 1128 357 1195 Deus
387 1140 463 1193 tuns
495 1124 627 1212 captivi·
709 1126 871 1195 Delictum
901 1150 1010 1193 meum
1044 1125 1207 1215 cognitum

95 1226 182 1283 tatem
208 1228 327 1293 tuam,
359 1239 398 1283 ac
426 1214 627 1283 miserebitur
666 1217 725 1282 tibi
745 1216 827 1291 ieci,
845 1227 879 1281 et
898 1214 1087 1304 injustitiam
1103 1238 1207 1281 meum

96 1300 146 1381 tui,
160 1317 220 1375 etc.
239 1304 333 1373 Itis.
348 1306 401 1371 bo.
421 1328 449 1371 r.
467 1302 537 1369 eb.
666 1328 732 1373 non
747 1304 910 1371 abscondi.
929 1304 1017 1370 Psoi.
1036 1304 1088 1368 br.
1108 1304 1138 1369 5.

133 1392 162 1458 Si
174 1394 206 1459 in
218 1404 291 1459 toto
302 1392 399 1460 corde
409 1405 514 1459 vestro
525 1412 627 1457 rever·
713 1393 777 1473 Qui
803 1392 969 1460 abscondit
988 1388 1107 1458 scelera
1129 1399 1205 1468 sua,

96 1482 186 1547 timini
212 1481 256 1547 ad
284 1482 475 1556 Dominum,
507 1480 627 1549 auferte
667 1505 733 1548 uon
745 1482 920 1571 dirigetur:
937 1481 991 1570 qui
1007 1492 1113 1546 sutem
1128 1504 1208 1549 con·

96 1568 169 1635 Deos
185 1568 310 1637 alienos
328 1569 368 1637 de
386 1570 491 1637 medio
508 1568 625 1644 uestri,
668 1572 768 1637 sessus
804 1571 901 1637 fuerit
917 1608 935 1645 ·,
975 1582 1009 1635 et
1046 1565 1208 1660 reliquerit

99 1656 204 1725 baalim
220 1671 255 1725 et
272 1658 441 1726 Astaroth:
457 1670 490 1724 et
504 1678 628 1748 praepa·
669 1658 1203 1745 ea‚misericordiamconsequetur.

101 1758 156 1811 rste
171 1746 269 1814 corda
286 1759 388 1815 restra
403 1748 562 1822 Domino,
577 1746 628 1810 ait
669 1750 769 1815 Prou.
790 1752 842 1814 28.
863 1749 911 1815 ιδ.

99 1834 217 1903 sanet
234 1836 283 1903 od
302 1838 493 1903 uniuersum
507 1835 623 1901 Isi-urii.
712 1836 883 1904 Revertens
901 1836 941 1902 ad
960 1836 1153 1915 Dominum,
1175 1847 1207 1902 et

102 1945 126 1989 1.
142 1925 211 2015 ch.
231 1951 263 2013 7.
283 1926 314 1991 5.
670 1938 811 1993 avertere
833 1926 873 1991 ab
894 1926 1048 2015 injustitia
1075 1931 1153 2003 turi,
1175 1936 1208 1991 et

137 2012 169 2081 si
181 2013 324 2081 clausero
333 2013 468 2089 omium,
484 2010 626 2101 etpluvis
670 2015 765 2081 nimis
784 2014 872 2080 odito
894 2017 1127 2083 execrationem
1147 2038 1155 2079 :
1175 2024 1208 2079 et

102 2121 159 2165 nou
174 2100 316 2177 duxerit,
339 2115 372 2168 et
388 2101 581 2173 mandavero
596 2113 629 2166 et
670 2126 828 2207 cognosce
864 2104 1001 2192 justitias
1027 2116 1061 2169 et
1089 2102 1209 2193 judicia

105 2208 266 2278 pmcepero
280 2190 432 2268 locustae,
449 2203 485 2257 ut
497 2189 628 2256 deuoret
669 2192 728 2259 Der
737 2204 840 2269 ‚etsta
852 2192 885 2257 in
893 2204 977 2258 sorte
984 2191 1208 2295 propositionis

107 2286 230 2352 terram,
243 2291 274 2343 et
288 2282 405 2347 misem
416 2278 627 2370 pestilentiam
669 2292 702 2346 et
752 2280 902 2346 orationis
945 2280 1086 2347 altissimi
1134 2280 1204 2346 Dei.

108 2363 139 2428 in
153 2365 293 2454 populum
308 2392 439 2436 meum:
457 2391 628 2436 conversus
669 2372 773 2439 Eccii.
796 2393 845 2458 ¹7·
867 2371 918 2435 ud.
940 2372 991 2450 24.

107 2463 207 2518 autem
234 2456 360 2544 populus
388 2481 503 2534 meus,
533 2479 629 2547 super
713 2459 896 2535 benammi,
909 2458 1022 2524 mundi
1033 2470 1146 2533 estote,
1156 2481 1210 2523 au-

104 2563 181 2628 quos
215 2542 386 2614 invocatum
421 2559 470 2612 est
510 2568 628 2612 nomeu
669 2549 749 2615 ferte
763 2539 883 2613 maium
898 2547 1125 2636 cogitationum
1140 2569 1211 2612 resa

101 2651 223 2708 meum,
239 2631 419 2722 deptecatns
437 2658 490 2702 me
510 2635 627 2708 suerit,
670 2633 1046 2703 trsrumaboculismeis:
1057 2637 1211 2724 quiescite

100 2728 130 2782 et
141 2721 318 2807 exquisierit
331 2723 443 2790 faciem
460 2746 583 2800 meam,
597 2735 629 2788 et
670 2749 764 2816 agere
774 2731 941 2816 perverse,
959 2725 1070 2792 discite
1081 2726 1212 2791 beneia-

97 2807 192 2896 egerit
212 2811 431 2900 penitentiam
453 2819 470 2880 t
491 2813 548 2878 viis
566 2812 629 2878 suis
670 2814 1212 2904 cere,queritejudioinm‚subve-

95 2897 250 2984 pessimis:
273 2913 307 2966 et
329 2925 388 3006 ego
407 2902 574 2968 exaudiam
589 2899 630 2967 de
670 2905 911 3008 niteoppress03
922 2902 1062 2991 judicate
1075 2902 1209 3008 pupilio,

95 2983 188 3064 coeio,
211 3003 244 3055 ct
266 2991 425 3080 propitius
447 3013 502 3056 ero
520 3013 630 3079 pecca·
672 2991 833 3058 defendite
846 2991 985 3058 viduam.
1003 2995 1045 3058 Et
1060 3004 1164 3058 sonate
1179 3003 1212 3057 et

96 3073 132 3138 tis
151 3097 281 3153 eorum,
313 3091 346 3146 et
373 3079 491 3146 sanabo
511 3091 630 3150 tenram
671 3081 794 3170 arguite
807 3103 881 3155 me,
898 3080 975 3147 dicit
990 3082 1167 3148 Dominus:
1184 3079 1212 3144 si

93 3184 206 3233 corum.
220 3179 286 3234 etc.
305 3189 335 3234 2.
350 3169 463 3236 Parai-
480 3167 626 3254 7.15.1d.
671 3170 790 3236 fuerint
802 3181 931 3258 peccata
952 3182 1055 3236 vestra
1078 3181 1114 3235 ut
1136 3191 1213 3236 coc·

132 3251 180 3318 td
196 3279 308 3345 regem
327 3269 433 3322 sutem
450 3255 555 3332 Juda,
575 3256 630 3343 qui
671 3258 890 3347 cinum,quasi
898 3258 953 3323 uix
963 3259 1210 3332 dealbabuntur,

91 3339 168 3408 misit
190 3365 246 3411 vos
270 3367 332 3497 pro
356 3345 494 3412 Domino
516 3345 631 3498 depre-
671 3360 704 3413 et
716 3349 742 3413 si
757 3347 876 3412 inerint
886 3347 984 3412 rubra
995 3347 1084 3437 quusi
1099 3348 1213 3413 vermi·

91 3429 266 3508 cando,sic
289 3433 545 3522 oquimini:iiaec
576 3433 631 3500 icit
672 3434 781 3510 culus,
805 3433 893 3502 reiut
914 3432 987 3500 lana
1010 3434 1082 3504 alba
1104 3448 1209 3502 erunt.

88 3515 239 3588 Dominus
250 3506 341 3588 Deus
354 3520 630 3611 braihquonibm
669 3524 739 3592 Iso.
759 3547 787 3588 u.
806 3525 855 3589 16.
872 3546 920 3610 ¹7·
940 3527 988 3590 18.

87 3608 197 3675 audisti
215 3610 317 3676 verba
332 3609 519 3686 voluminis,
537 3622 631 3700 atque
715 3612 885 3699 Propterea
901 3613 1214 3701 expectat‘Dominus

87 3695 266 3764 emollitum
294 3711 341 3765 est
371 3722 428 3767 cor
455 3712 565 3775 tuum,
599 3711 632 3766 et
671 3713 708 3767 ut
733 3701 920 3766 misereatur
945 3712 1063 3768 uestri:
1087 3714 1121 3767 et
1142 3703 1215 3768 ideb

85 3781 274 3854 humiliatus
286 3809 320 3855 es
338 3789 369 3855 iu
382 3801 555 3877 conspectu
571 3789 630 3854 Dei
672 3787 874 3866 exaitabitur,
884 3791 1127 3896 parcenssobis:
1140 3791 1214 3878 quia

87 3891 180 3963 supet·
222 3876 301 3952 his,
362 3901 409 3944 uae
442 3877 526 3945 diota
558 3888 631 3944 sunt
671 3880 758 3946 Deus
782 3879 892 3969 judicit
921 3879 1099 3946 Dominus:
1127 3876 1214 3940 beati

87 3976 197 4030 contra
215 3964 327 4032 locum
339 3901 448 4040 bunc,
465 3979 498 4032 et
510 3967 631 4035 hantts-
673 3991 802 4047 omnes,
815 3969 870 4073 qui
881 3978 1145 4072 erpecmuteum.
1157 3963 1215 4028 Po-

88 4059 173 4121 tores
194 4051 395 4130 Jerusalem,
417 4057 631 4146 reveritusque
672 4057 766 4147 puina
788 4079 874 4124 emm
898 4056 976 4124 Sion
998 4051 1155 4120 habitabit
1180 4052 1216 4126 iu
