2884 4725
236 374 258 452 1
469 366 548 433 ans
1053 364 1132 429 ins

202 506 204 513 ·
284 478 354 545 Non
370 475 489 563 poteris
503 474 671 540 comedere
682 475 713 538 iu
726 498 780 561 op·
869 477 950 541 Clun
966 476 1105 541 audisset
1122 476 1232 541 dchnlt
1245 498 1360 538 sermo-

239 568 320 655 pidis
347 565 409 629 tuis
428 564 585 629 decimam
606 562 778 637 frumenti,
822 589 876 629 nos
892 567 980 641 istos,
993 566 1087 630 scidit
1099 566 1357 636 vestimentasua,

238 668 271 721 et
296 654 379 728 vini,
397 664 428 716 et
452 650 513 717 olci
533 652 596 727 tui,
619 652 780 739 primoge-
821 668 853 717 et
868 655 992 742 operuit
1004 652 1108 719 cilicio
1121 674 1358 725 carnemsuam,

238 743 305 809 nita
322 752 538 807 armentorum
555 752 586 805 ot
608 762 779 829 pecorum,
822 744 1037 830 jejunavitque
1063 767 1071 807 ε
1096 758 1127 806 et
1149 744 1299 830 placatus
1320 754 1362 803 cst

239 843 271 897 et
280 829 659 915 omnia,quaevoveris,et
668 839 781 915 sponte
822 832 996 896 Dominus.
1013 833 1043 896 5.
1063 832 1141 922 lleg.
1163 854 1216 895 21.
1237 854 1287 917 27.
1307 828 1362 890 Vi-

240 920 355 985 offerro
381 917 537 993 volueris,
565 930 597 981 et
626 916 780 1004 primitias
822 919 862 983 da
876 936 906 982 ct
920 946 953 984 v.
973 924 1004 998 4.

238 1029 392 1074 manuum
400 1019 537 1071 tuarum.
552 1005 648 1071 Deut.
664 1027 712 1071 12.
728 1028 776 1089 ¹7·
866 1007 1051 1072 Praedicavit
1071 1007 1114 1071 ihi
1136 1008 1297 1093 (Esdras)
1317 1006 1361 1091 je-

285 1096 332 1163 Ne
347 1092 540 1169 comedatis,
554 1116 623 1179 quae
640 1092 776 1158 immun·
822 1096 946 1182 junium
959 1097 1046 1184 juxta
1066 1094 1199 1159 lluvium
1216 1096 1360 1168 Achaia,

237 1182 379 1249 danunt.
399 1183 469 1248 Hoc
480 1194 527 1245 est
543 1179 677 1257 animal,
694 1180 781 1267 quod
823 1196 858 1247 ut
875 1186 1088 1273 affligeremur
1103 1206 1213 1249 coram
1228 1183 1363 1251 Domino

240 1272 409 1338 comedero
436 1270 578 1346 debetis,
609 1270 726 1333 bovem
749 1280 781 1333 et
822 1271 889 1337 Deo
920 1286 1039 1338 nostro.
1064 1285 1126 1337 etc.
1157 1295 1183 1336 1.
1212 1272 1312 1337 Eadr.
1332 1274 1361 1334 8.

239 1372 565 1447 ovem‚etcap1am,
584 1380 733 1433 corvum,
749 1369 781 1422 et
824 1384 876 1427 21.
903 1362 933 1422 V
934 1362 989 1427 ida
1006 1363 1108 1425 otiam
1125 1383 1154 1425 2.
1176 1361 1291 1426 Paral.
1312 1384 1360 1424 20.

239 1471 408 1536 capream,
425 1460 487 1512 etc.
503 1445 592 1512 Ibid.
617 1450 665 1526 14.
686 1448 716 1511 5.
733 1445 781 1509 De
823 1451 854 1516 5.
873 1449 960 1514 Item
975 1450 1089 1515 ludio.
1109 1473 1136 1514 c.
1162 1472 1214 1513 20.
1236 1451 1310 1526 26„
1333 1471 1360 1511 2.

238 1536 289 1603 his
310 1549 437 1611 autem,
458 1558 528 1625 quae
552 1536 730 1611 ruminant,
749 1546 781 1598 et
822 1538 921 1603 Eadr.
936 1563 966 1625 9.
984 1537 1062 1603 Tot.
1082 1540 1133 1603 25.
1143 1537 1279 1602 Barucli
1294 1562 1320 1603 1.
1333 1540 1363 1600 5.

238 1623 390 1713 ungulam
405 1646 470 1689 non
484 1622 627 1700 findunt,
640 1622 708 1687 haec
724 1646 781 1686 co·
867 1624 1042 1691 Nolaemt‘os
1049 1625 1232 1713 jejunabat
1247 1642 1277 1689 et
1292 1648 1364 1689 ora-

239 1714 369 1779 medere
384 1736 448 1777 non
461 1711 602 1787 debetis,
620 1722 655 1775 ut
673 1732 781 1774 came·
823 1712 879 1775 bat
902 1728 979 1775 anto
1006 1715 1126 1801 faciem
1147 1714 1211 1780 Dei
1232 1716 1315 1780 cati.
1337 1736 1364 1777 2.

239 1802 326 1877 lum,
340 1795 778 1887 leporem,choerogryllum:
823 1800 923 1865 Esdr.
948 1824 974 1864 1.
994 1804 1026 1879 4.

237 1889 308 1954 haeo
320 1888 393 1975 quia
401 1887 565 1951 ruminant
578 1898 610 1949 et
622 1908 687 1949 non
699 1884 782 1949 divi·
868 1887 988 1953 Tobios
996 1888 1259 1975 fitiumsuumab
1270 1891 1370 1955 inlan-

240 1972 782 2063 dnntungulam,immundacrunt
822 1976 865 2040 tia
891 1976 1004 2040 timere
1038 1976 1142 2040 Deum
1180 1977 1308 2053 docuit,
1338 1991 1370 2042 ot

238 2064 339 2130 robis.
357 2088 390 2127 v.
413 2088 442 2149 7.
459 2060 520 2126 Sus
535 2083 683 2149 quoquo,
700 2084 781 2148 quo-
823 2063 980 2128 abstinere
988 2063 1027 2128 ab
1037 2063 1123 2128 omni
1131 2075 1276 2152 peccato.
1284 2067 1365 2133 Tot.

239 2154 326 2217 niam
350 2148 461 2215 dividit
477 2148 645 2236 ungulam,
662 2162 694 2213 et
716 2173 782 2214 non
828 2175 855 2216 1.
880 2176 928 2218 10.

239 2240 399 2315 ruminat,
413 2235 577 2302 immunda
590 2238 659 2301 erit.
674 2262 708 2303 v.
724 2240 756 2302 8.
866 2240 912 2305 131
920 2245 994 2306 clrm
1006 2239 1255 2306 omnosoderent
1268 2246 1369 2309 exci-

286 2326 387 2404 Care,
405 2349 446 2392 ne
464 2324 665 2392 immundum
686 2324 781 2414 quid·
822 2328 873 2394 his
896 2328 1090 2406 Gentilium,
1113 2330 1171 2395 isto
1189 2330 1278 2396 solas
1293 2356 1369 2398 cus-

238 2440 337 2506 quam
354 2414 514 2484 comedas.
540 2415 653 2480 ludio.
679 2415 728 2478 13.
746 2417 778 2494 4.
822 2417 934 2483 todivit
949 2420 1088 2484 animam
1103 2443 1214 2494 suam,
1233 2433 1266 2484 et
1282 2445 1368 2488 nun-

286 2505 452 2594 Adjuravit
467 2516 574 2570 autem
590 2502 666 2569 Satil
678 2526 782 2592 popu·
823 2531 919 2594 quom
932 2509 1167 2574 contaminatus
1179 2521 1227 2574 est
1242 2509 1275 2574 in
1288 2513 1369 2576 escis

240 2594 328 2669 lum,
353 2593 487 2658 dicens:
512 2591 697 2659 Maledictus
712 2593 781 2668 vir,
822 2618 944 2661 eorum.
963 2595 1053 2662 Ilia.
1077 2621 1104 2663 1.
1128 2621 1176 2663 12.

241 2682 296 2769 qui
311 2681 485 2746 comederit
500 2703 616 2768 panem
628 2679 782 2768 usquead
861 2683 955 2749 'Bona
970 2698 1018 2750 cst
1033 2688 1134 2750 oratio
1148 2710 1222 2750 cum
1240 2687 1365 2774 jejunio

242 2791 422 2857 vesperam,
450 2767 553 2834 donec
580 2768 715 2834 ulciscar
742 2768 782 2833 de
823 2786 855 2837 et
870 2773 1081 2860 eleemosyna.
1096 2772 1186 2837 Ibid.
1211 2799 1259 2838 12.
1280 2779 1312 2840 8.

238 2857 378 2922 inimicis
396 2857 484 2922 meis.
510 2858 550 2921 Et
565 2881 628 2922 non
645 2857 782 2928 mandu-
868 2861 1121 2926 Humiliavorunt
1146 2861 1267 2926 animas
1295 2889 1368 2929 suas

243 2945 326 3012 carit
334 2945 496 3010 universus
504 2945 639 3032 populus
652 2970 777 3033 panem.
823 2949 854 3012 in
870 2949 1008 3036 jejuniis.
1027 2947 1148 3011 Iudith
1162 2952 1193 3028 4.
1210 2953 1241 3014 8.

248 3033 515 3122 1.lleg.14.24.
866 3034 987 3100 luant
1020 3034 1184 3122 jejrmabat
1218 3042 1368 3107 omnibus

289 3121 448 3208 Ingressus
464 3131 511 3184 est
527 3119 632 3206 itaque
645 3118 781 3206 populus
823 3121 934 3186 diebus
950 3123 1020 3186 vitm
1044 3146 1127 3201 suae,
1145 3139 1261 3213 prater
1282 3131 1366 3195 Sab-

244 3207 375 3282 saltum,
392 3219 424 3272 et
435 3207 580 3296 apparuit
594 3207 696 3270 lluons
705 3206 780 3283 mel,
822 3206 916 3286 bata,
939 3223 970 3274 ct
996 3210 1205 3289 Neomenias,
1229 3229 1262 3278 et
1286 3219 1367 3284 lesta

244 3295 411 3382 nullusque
427 3293 578 3384 applicuit
598 3319 729 3359 manum
742 3294 781 3358 ad
823 3299 936 3364 domus
945 3298 1051 3364 lsra'el.
1071 3300 1160 3366 Ilia.
1179 3305 1210 3365 8.
1229 3304 1262 3369 6.

243 3410 278 3449 os
295 3407 401 3456 suu1n3
425 3384 557 3447 timebat
578 3383 663 3448 euim
679 3407 782 3470 popu·
864 3387 986 3451 Jnditlt
997 3389 1107 3454 dixit:
1123 3390 1215 3456 Nunc
1231 3414 1296 3458 non
1305 3419 1366 3484 po-

243 3471 292 3538 lus
305 3473 529 3558 juramentum.
545 3469 634 3536 ltin.
655 3496 686 3536 o.
705 3474 755 3535 28.
823 3487 891 3538 toro
917 3478 1111 3543 manducare
1141 3502 1179 3541 ox
1202 3478 1270 3556 his,
1295 3508 1366 3572 quar.

287 3560 373 3626 Dixit
394 3554 499 3625 nutein
520 3556 596 3624 Saul
624 3558 663 3622 ad
682 3559 781 3624 Jona—
822 3563 900 3626 111ihi
916 3565 1060 3651 precipis
1076 3565 1189 3640 tribui,
1203 3589 1243 3631 nc
1259 3574 1369 3637 veniat

244 3649 332 3712 tham
347 3672 355 3712 ε
372 3645 480 3712 Indica
496 3646 591 3720 mihi,
604 3647 680 3734 qnid
696 3648 782 3711 lecc—
822 3674 916 3738 super
931 3676 983 3718 me
1005 3651 1160 3717 offensio:
1181 3677 1219 3718 ex
1234 3654 1285 3722 his
1306 3685 1363 3725 nu-

245 3737 311 3804 ris?
330 3749 361 3800 et
385 3735 535 3800 indicavit
555 3734 584 3798 ei
607 3735 780 3812 Jonathas,
822 3752 904 3815 tom,
917 3763 987 3828 quio
1003 3740 1081 3804 milri
1094 3740 1211 3818 detuli,
1227 3751 1360 3813 mandu-

244 3839 276 3890 et
292 3823 334 3890 ait
349 3848 357 3889 ι
372 3823 508 3888 Gustans
519 3824 639 3910 gustavi
652 3824 683 3887 in
699 3847 782 3887 snm·
822 3829 912 3892 cabo.
932 3828 1021 3893 Ibid.
1046 3853 1094 3893 12.
1116 3853 1145 3895 2.

245 3914 354 3978 mitate
370 3912 483 3998 virga,
500 3935 569 3998 quae
585 3923 651 3975 erat
665 3913 696 3976 in
711 3935 781 3976 ma·
848 3917 936 3982 'Non
956 3917 1148 3994 comedatis,
1176 3933 1209 3985 et
1226 3945 1290 3987 non
1313 3927 1367 3990 l1i-

246 4025 289 4066 nu
312 4023 401 4074 mea,
424 3997 585 4086 paululum
609 3999 728 4075 mellis,
749 4013 781 4065 et
822 4004 902 4068 batis
926 4007 1026 4072 tribus
1050 4007 1185 4084 diebus,
1206 4023 1237 4073 ot
1260 4015 1367 4080 tribus

245 4112 320 4158 ecce
335 4087 393 4176 ego'
413 4088 546 4152 morior.
563 4087 648 4154 lbid.
670 4113 702 4154 o.
725 4091 776 4168 45.
821 4095 992 4159 noctibus:
1014 4107 1045 4158 et
1068 4121 1126 4184 ego
1145 4121 1221 4163 cum
1238 4100 1366 4167 ancillis
