2884 4725
293 274 374 342 utu
613 271 618 280 '
847 271 928 352 tta
1120 279 1185 361 tos

66 380 241 456 Priscillam
261 406 394 455 uxoreae
409 390 480 477 ejus
494 414 606 458 -ae-
643 401 675 455 et
689 383 742 455 die
756 400 995 479 operantea,au
1030 408 1185 457 marves-

65 475 157 539 cessit
173 474 213 539 ud
228 496 304 550 eost
323 490 355 543 et
371 481 444 567 qaia
459 479 606 567 ejusdem
645 482 729 543 trum
755 497 969 569 gravaremus.
1026 500 1067 543 oo
1094 481 1184 567 quasi

66 574 133 627 erat
150 562 243 640 artis,
265 568 413 631 manebat
430 561 602 656 apud‘eos,
644 580 708 632 nou
732 566 935 633 babuerimus
965 578 1182 654 potestatem,

64 662 95 715 rt
121 652 313 742 operabatur
343 654 353 740 (
378 668 468 720 erant
498 669 606 725 autem
627 655 699 720 ¹sed
713 656 888 721 utnosmeti
914 658 964 719 sos
978 654 1114 719 formam
1126 656 1186 721 da-

64 740 392 812 scenofactoriaentis.
406 744 600 833 )Aetor.18.
627 780 628 783 ¹
644 766 753 809 remus
761 744 850 809 vobis
861 678 911 807 acl
913 743 1100 807 imitandum
1113 766 1181 810 nos.
1289 774 1292 779 ·

68 848 94 891 r.
113 842 223 914 etrap.
272 863 276 872 ·
647 832 1184 919 Nametcbmessemosapudvos,

108 914 171 1005 lpsi
189 917 299 994 scitis,
322 920 469 1009 quoniam
487 920 527 985 ad
546 944 604 998 ea,
645 920 1072 987 houdenuntiabomusvobis
1086 943 1186 1008 :qaro-

64 1026 134 1092 quae
151 1005 231 1071 mibi
252 1030 331 1095 opas
351 1022 464 1085 erant,
489 1021 521 1074 et
536 1009 603 1085 bis,
645 1009 731 1073 olbm
745 1010 771 1073 si
786 1008 855 1162 puis
876 1030 941 1073 non
955 1006 1024 1073 volt
1040 1009 1183 1097 operari,

63 1093 117 1178 qui
142 1113 268 1159 meorum
297 1108 390 1172 sunt,
411 1098 605 1163 ministrave-
645 1118 786 1163 neeman
812 1109 894 1163 ucet.
907 1096 1091 1161 Audivimus
1100 1095 1186 1163 euim

64 1184 345 1249 runtmanusistsc.
359 1184 605 1254 Omniaostendi
645 1186 809 1251 intervos
837 1185 992 1272 quosdam
1023 1184 1188 1251 ambulare

64 1269 153 1335 vobis
165 1320 174 1346 ,
187 1272 336 1357 quoan
345 1274 390 1338 sic
402 1272 602 1352 laborantes,
646 1274 801 1361 inquiete,
829 1273 907 1337 nihil
931 1286 1118 1425 operantes,
1131 1274 1188 1339 sed

65 1370 191 1445 oportet
208 1360 368 1449 suscipere
383 1360 537 1429 infirmos.
548 1364 601 1429 lt.
646 1362 771 1428 curiose
789 1373 926 1450 agentes.
956 1362 983 1426 is
995 1374 1119 1438 antem,
1134 1360 1188 1449 qui

65 1468 118 1511 ao.
139 1446 190 1526 54.
207 1448 259 1513 bb.
315 1484 320 1494 ·
476 1458 479 1465 ’
646 1450 802 1536 ejusmodi
826 1462 919 1527 sunt,
940 1448 1186 1525 denuntiamus,

111 1534 175 1599 Nos
185 1534 271 1599 stulti
283 1550 413 1625 propter
423 1536 603 1615 Christum,
646 1550 678 1603 et
699 1539 901 1606 obsecramus
915 1539 948 1603 in
964 1538 1101 1605 Domino
1112 1536 1189 1603 Jesu

65 1635 232 1689 vosautem
241 1621 602 1729 prudentesinssbristo:
648 1626 793 1705 Cbriato,
816 1640 852 1691 nt
874 1648 949 1693 cam
966 1626 1089 1693 silentio
1111 1650 1130 1691 o
1153 1648 1190 1690 e-

65 1710 274 1789 nosinsrrmr,
292 1726 471 1779 vosautem
488 1717 601 1783 foeteat
647 1726 771 1793 rantes,
799 1738 893 1781 suum
914 1738 1030 1804 panem
1053 1650 1191 1781 manbu-

63 1822 120 1865 vos
142 1795 282 1877 nobiles,
305 1822 365 1867 uos
386 1816 491 1868 autem
514 1807 607 1893 igno·
646 1816 730 1871 cent.
748 1828 778 1869 a.
800 1804 907 1871 Thoas.
924 1804 954 1868 5.
968 1817 1111 1891 panop.

65 1888 157 1953 biles.
179 1889 325 1977 Usqueio
343 1890 426 1957 bano
445 1892 555 1958 horum
573 1904 606 1959 et
690 1932 761 2001 Lab
818 1908 823 1917 '
896 1934 982 2001 dim
1022 1935 1030 1950 .
1084 1932 1149 2001 D.

64 1978 240 2053 esurimus,
258 1990 290 2043 et
313 1978 452 2056 sitimus,
478 1994 509 2045 et
528 1980 605 2045 nudi
761 1956 965 2087 Mm‘t'
999 1956 1072 2001 ’ω
1117 1958 1149 2001 ⁶⁸

64 2088 194 2142 sumus,
214 2078 246 2129 ot
265 2065 405 2155 colaphis
432 2066 604 2145 caedimur,
824 2047 841 2087 ⁶
906 2046 1066 2113 ‘cm'-

64 2167 97 2219 et
118 2152 282 2219 instabiles
306 2178 436 2231 sumus,
459 2169 491 2220 et
514 2156 606 2222 labo·
693 2154 938 2219 rldaeverbdixit
951 2154 1076 2242 (Deus)
1090 2154 1191 2235 :Quia

66 2266 173 2309 ramus
187 2254 353 2331 operantes
368 2244 515 2311 manibus
531 2268 606 2311 nos⁴
648 2242 763 2307 audisti
790 2263 901 2307 vocem
923 2244 1028 2307 uxoris
1051 2254 1131 2318 tuae,
1160 2250 1193 2309 et

66 2332 137 2409 tris,
156 2343 218 2397 ete.
243 2354 269 2397 1.
287 2332 363 2397 Cer.
382 2334 414 2411 4.
439 2356 486 2398 ιο.
502 2350 602 2420 etseq.
648 2329 813 2396 comedisti
826 2330 1101 2419 deligno,enqoo
1115 2356 1193 2422 pru«

110 2421 175 2500 Qui
192 2421 374 2496 iurabatur,
391 2422 456 2509 jana
475 2424 607 2488 noniu-
648 2440 796 2508 ceperam
818 2419 894 2493 tibi,
915 2441 957 2482 ne
981 2419 1188 2495 comederes;

65 2520 154 2574 retur
178 2501 303 2598 :magia
326 2521 432 2574 autem
459 2504 606 2586 laboret,
649 2507 817 2572 maledicta
843 2518 925 2570 terra
946 2506 979 2569 in
994 2530 1014 2569 o
1036 2529 1090 2572 ere
1111 2519 1189 2572 tuo:

65 2597 228 2685 operando
254 2597 403 2662 manibus
431 2599 494 2664 suis
521 2599 608 2686 qood
649 2597 681 2661 io
712 2594 873 2660 laboribus
909 2615 1001 2659 come
1024 2617 1058 2658 ea
1087 2616 1126 2659 ex
1155 2599 1193 2660 ot

66 2687 187 2752 bonuau
203 2697 270 2764 est,
283 2697 319 2750 ut
332 2682 449 2752 babeat
458 2687 542 2752 unde
555 2688 608 2752 tri·
649 2685 773 2750 cunetis
789 2683 900 2748 diebus
916 2682 986 2750 vitae
1008 2693 1081 2748 tue.
1109 2683 1189 2749 Gen.

66 2774 143 2840 boat
191 2773 411 2840 emensitatem
464 2777 604 2864 patienti.
651 2774 681 2839 b.
703 2797 751 2858 17.
1108 2856 1112 2860 b

67 2863 185 2952 Epiros.
199 2865 230 2942 4.
251 2865 300 2928 28.
694 2862 735 2924 Et
745 2860 788 2924 ait
806 2859 988 2944 (Dominus
998 2858 1192 2947 adlatam:

109 2951 264 3016 tremo-es
276 2951 361 3017 enim
373 2953 464 3029 estis,
476 2952 607 3028 iratres,
652 2947 880 3016 Nedeseendas
891 2949 923 3014 in
931 2947 1105 3039 AEgyptum
1119 2946 1195 3012 :sed

67 3037 186 3104 laboris
210 3039 308 3104 nostri
333 3052 364 3105 et
390 3036 606 3130 fatigationis:
650 3038 779 3126 quiesce
801 3038 833 3101 in
848 3045 951 3112 terre,
970 3059 1067 3124 quam
1086 3035 1195 3100 dixero

68 3127 264 3194 nocteaodie
275 3141 455 3217 operantes,
466 3151 609 3217 aequm
650 3126 717 3191 tibi.
737 3127 778 3214 Et
789 3125 989 3213 peregrinare
1004 3125 1036 3188 in
1052 3128 1107 3199 et,
1120 3145 1193 3186 ero-

69 3218 207 3280 vestrtlm
219 3234 439 3306 gravaremus,
455 3217 609 3306 predica*
651 3226 847 3302 queteern,
871 3225 903 3280 et
914 3210 1104 3277 benedicam
1116 3211 1190 3276 tibi:

67 3304 528 3395 vimosinvobislivaugelimn
537 3306 605 3372 Dei.
651 3303 713 3368 tibi
730 3303 816 3366 enim
837 3314 871 3367 et
893 3301 1004 3366 semini
1030 3311 1086 3363 tuo
1112 3299 1197 3364 dabo

72 3415 99 3458 ι.
118 3392 225 3459 Thess.
242 3415 314 3482 op
331 3393 454 3460 Video.
470 3397 502 3476 4.
522 3409 611 3460 ruet
652 3393 813 3456 universas
838 3391 983 3478 regiones
1004 3387 1081 3463 bas,
1106 3410 1196 3453 oom-

67 3503 95 3549 ο.
116 3483 147 3548 5.
171 3505 220 3546 ta.
404 3505 407 3512 ·
652 3479 742 3568 plens
757 3480 996 3568 juramentum,
1018 3475 1106 3564 quod
1122 3497 1196 3626 εὑρο-

113 3569 175 3658 lpsi
190 3569 611 3658 enimseitis‚quemadme
652 3565 1012 3657 pondibbrnbampatri
1027 3563 1125 3628 tuo.I
1147 3564 1192 3627 id.
1292 3583 1295 3587 ·
1369 3544 1371 3547 ⁵

68 3658 148 3721 diam
161 3671 304 3746 oporteat
314 3661 429 3725 imitari
442 3683 499 3724 nos
514 3681 521 3722 ε
536 3681 611 3746 quo
655 3659 707 3722 26.
729 3679 758 3721 ua
779 3657 810 3720 5.
829 3655 916 3722 Sevit
933 3665 1039 3718 autem
1061 3651 1150 3715 lsaac
1162 3651 1197 3714 in

69 3745 158 3809 niam
174 3769 238 3812 non
252 3748 384 3835 inquieti
403 3748 612 3815 suimusioter
652 3749 737 3810 terra
749 3743 802 3809 itta
817 3755 876 3820 ,et
891 3742 1009 3808 invenit
1024 3741 1092 3826 ipso
1110 3757 1196 3801 anno

68 3855 128 3898 vos
154 3853 163 3895 e
194 3857 297 3921 neque
328 3833 445 3926 'gratis
495 3858 611 3925 panem
653 3831 839 3925 centuplum
872 3855 880 3895 :
911 3827 1135 3912 benedixitque
1166 3823 1196 3886 ei

67 3920 334 3990 manducavimus
349 3927 387 3990 ab
406 3925 531 4013 aliquo,
557 3922 612 3988 sed
653 3910 1196 4022 Dominuslltloeupletatusestbct

68 4009 265 4169 inlabpppp:
272 4013 304 4166 ip
315 4013 509 4104 fatigatione,
519 4023 613 4080 nocte
653 4006 1195 4151 mo,etibatprolicrenaatqp5esues
