2884 4725
201 274 244 341 dd
433 266 517 339 ANT
825 332 831 347 ,
1008 268 1093 335 ΑΝΤ

201 380 450 456 seducerem,
474 390 528 443 aut
544 375 683 467 Angelus
702 378 743 443 de
895 399 946 467 D,
966 399 1213 467 magonam·

180 468 286 539 corio
298 464 491 554 evangelizet
502 466 604 541 vohis,
617 478 744 555 praeter·
798 513 808 535 .
1342 490 1346 497 ·

185 566 299 646 ‚quem
339 552 426 644 quod
461 553 744 645 evangelizavimus
831 552 895 633 Qui
911 562 1017 625 nutem
1040 551 1248 643 superbierit,
1270 577 1349 623 no-

200 645 291 712 vobis
303 694 312 719 ,
325 641 492 709 anathema
505 642 555 708 sit.
572 643 645 709 Get.
665 667 692 708 1.
708 644 738 709 6.
784 640 989 708 leusobedire
996 642 1342 731 sacerdotisimperio‚

247 730 525 807 OTimothee,de
550 732 743 798 ositumo'us
785 766 827 779 —-
843 727 997 795 morietur
1018 728 1115 809 homo
1138 729 1202 797 itte.
1224 732 1336 798 Dect.

200 821 289 897 todi,
307 816 450 892 devitans
465 754 613 908 prodinus
627 816 743 886 vocum
790 840 838 905 ¹7·
863 840 912 883 12.

201 903 379 985 novitates,
396 920 429 972 et
443 909 656 1013 oppositiones
673 907 742 974 fulsi
830 905 865 972 Si
880 918 988 972 autem
1000 906 1173 980 Bedesiam
1184 930 1252 975 non
1265 932 1342 973 an-

201 997 339 1065 nominis
366 997 523 1074 scientias,
550 1018 645 1085 quum
698 996 744 1061 ui·
785 992 898 1070 dierit,
921 995 962 1060 sit
981 996 1039 1061 tibi
1061 997 1143 1061 sieut
1157 996 1342 1065 ‚Ethnicuu

203 1086 278 1154 dam
293 1085 631 1174 promittentes,circt
647 1019 745 1152 tidem
784 1093 817 1147 et
839 1082 1041 1149 Publionnus.
1064 1084 1183 1151 Massa.
1205 1088 1342 1170 18.17.·

201 1174 396 1242 exciderunt.
421 1196 447 1239 r.
470 1172 557 1240 Tim.
577 1174 607 1239 6.
629 1194 680 1237 ao.
829 1170 934 1261 Super
956 1171 1141 1239 cathedram
1161 1172 1265 1261 Moysi
1283 1197 1343 1239 se-

247 1264 316 1328 Erit
332 1263 417 1327 enim
432 1274 576 1349 tempus,
602 1266 675 1327 cum
698 1284 745 1327 aa·
785 1258 919 1325 deruut'
940 1260 1061 1327 Scribe
1096 1274 1129 1327 et
1164 1262 1336 1328 Pharisaei.

202 1354 277 1418 nam
308 1350 485 1416 doctrinam
511 1372 576 1415 non
613 1350 745 1423 sustino-
787 1346 903 1417 Omnia
919 1355 995 1439 ergo
1017 1372 1225 1439 quaecumque
1238 1350 1341 1417 dixe-

200 1440 302 1517 bunt,
319 1437 376 1505 sed
387 1438 493 1505 adsue
502 1438 656 1505 desideria
672 1460 745 1505 coa·
785 1436 850 1503 rint
865 1436 972 1514 vohis,
991 1450 1131 1515 servate,
1154 1451 1186 1504 et
1200 1439 1302 1505 facite
1324 1464 1339 1505 ε

203 1528 378 1603 certabunt
393 1526 453 1593 sibi
469 1527 654 1617 magistros,
669 1550 745 1631 pru·
786 1524 1064 1615 secunddmopera
1073 1534 1265 1593 sardeorum
1272 1551 1343 1595 no·

202 1618 320 1685 rientes
342 1616 490 1690 auribust
516 1628 548 1680 et
570 1622 596 1699 t,
612 1628 745 1681 veritate
786 1611 1080 1681 iiteiacere.1da'd.
1103 1637 1154 1681 nn.
1176 1638 1204 1681 n.

202 1706 332 1793 quidem
351 1704 494 1771 auditum
517 1715 678 1779 avertent,
703 1703 745 1769 ad
831 1702 895 1785 Qui
921 1726 978 1768 vos
999 1704 1109 1781 audit,
1135 1728 1187 1770 me
1206 1703 1338 1772 audit:

202 1793 326 1861 subulas
341 1805 448 1859 autem
460 1803 696 1864 convertentur.
710 1814 740 1857 n.
808 1790 840 1856 ui
866 1813 921 1855 vos
947 1792 1086 1879 spernit,
1116 1815 1169 1859 me
1192 1795 1336 1883 spernit.

203 1882 293 1947 Tim.
308 1884 339 1960 l..
357 1881 387 1945 5.
785 1812 852 1959 dui
865 1890 971 1944 autem
986 1904 1039 1946 me
1053 1882 1193 1969 spernit,
1205 1874 1341 1969 spernit

245 1967 310 2035 Vo's
345 1968 461 2055 igitur.
499 1968 631 2044 fratres,
668 1990 745 2055 prae·
785 1989 860 2032 eum
872 1968 925 2055 qui
938 1969 1022 2034 misit
1033 1992 1095 2035 me.
1106 1968 1182 2036 Luc.
1203 1992 1250 2035 ιο.
1276 1974 1335 2037 16.

202 2054 745 2145 scientes,custodite;neinsipien·
830 2056 917 2121 cnm
942 2058 1066 2123 Paulus
1091 2074 1122 2123 et
1142 2057 1341 2127 Timaeus

203 2147 284 2213 tium
300 2164 409 2208 errore
420 2141 558 2210 traducti
571 2194 580 2220 ‚
592 2144 744 2211 excidatis
782 2145 1339 2237 pertramireatee'oe'totsmSyn‘oe,

202 2232 365 2322 dproprid
377 2231 536 2301 firmitate.
558 2254 586 2299 n.
604 2234 692 2299 Pete.
710 2235 740 2299 5.
785 2247 815 2296 et
839 2232 988 2309 cuseio,
1012 2235 1239 2324 eonfmnadoot
1260 2236 1341 2303 Ee-

206 2347 256 2409 17·
785 2321 1341 2414 ctesiar,etproeeipiedoates'aeua·

247 2411 330 2490 Vos,
347 2413 432 2502 quod
445 2410 574 2479 audistis
582 2412 622 2478 ab
635 2411 743 2488 initio,
786 2410 891 2474 todire
902 2428 1067 2502 precepto
1081 2408 1338 2502 Apostolorum,

205 2499 239 2566 in
255 2503 344 2568 vobis
359 2515 545 2592 permaneat
567 2526 575 2567 :
597 2501 623 2568 si
640 2500 672 2566 in
688 2523 745 2566 vo*
785 2498 1218 2569 emmerammo.
1232 2502 1284 2568 ad.
1296 2507 1335 2586 4.

201 2589 251 2654 bis
274 2591 482 2677 permanserit
502 2590 588 2678 quod
615 2588 745 2655 audistis
776 2661 783 2674 ‚
830 2585 992 2654 Attendite
1012 2590 1101 2660 vohis
1127 2604 1160 2656 et
1182 2592 1340 2658 universo

203 2677 243 2742 nh
260 2677 369 2754 initio,
382 2688 415 2743 et
431 2701 485 2744 vos
501 2678 533 2744 in
550 2677 631 2764 Filio
645 2689 677 2744 et
690 2677 746 2744 Pa·
786 2677 885 2765 gregi,
895 2677 928 2742 in
939 2701 1003 2782 spuo
1014 2701 1070 2746 vos
1086 2679 1220 2767 Spiritus
1227 2703 1339 2748 «sanc-

203 2775 253 2830 tre
268 2766 446 2831 manebitis.
471 2789 497 2830 1.
516 2766 616 2832 toan.
638 2789 667 2832 n.
689 2769 741 2846 nd.
786 2777 837 2830 tus
853 2767 1017 2832 constituit
1029 2767 1202 2857 Episcopus
1216 2791 1341 2856 regere

248 2851 361 2918 Omnis
389 2854 443 2940 qui
459 2855 603 2932 resedit,
627 2868 659 2921 et
680 2879 745 2921 non
785 2852 963 2920 Ecclesium
979 2855 1037 2920 Dei
1052 2906 1060 2933 ,
1077 2879 1174 2944 wem
1189 2858 1341 2944 acquisi-

226 2952 369 3006 ermunet
385 2941 418 3007 in
442 2942 585 3010 doetrind
606 2943 744 3022 Christi,
785 2942 830 3008 vit
845 2965 901 3006 san
948 2943 1077 3020 'nesuoe
1097 2945 1187 3011 ltin.
1200 2967 1251 3010 no.
1270 2951 1336 3015 28.

202 2963 308 3096 iteum
322 3028 500 3095 nonhabet
519 3032 599 3119 :qui
640 3055 745 3098 erma-
830 3028 897 3094 Lau
920 3053 940 3095 o
961 3044 1068 3100 autem
1086 3057 1168 3110 ves,
1189 3035 1338 3115 tratres,

203 3129 259 3184 net
275 3118 307 3182 in
324 3117 489 3194 doetrinfi,
507 3117 560 3184 hie
575 3130 607 3183 et
618 3055 746 3186 intrem
786 3116 873 3204 quod
886 3141 945 3206 per
964 3121 1070 3187 omnia
1090 3132 1155 3188 met
1171 3145 1341 3193 memores

202 3215 234 3270 et
256 3204 373 3271 Filium
388 3204 495 3284 hebet,
521 3227 549 3270 s.
568 3207 668 3271 loon.
688 3231 718 3295 9.
774 3206 883 3272 estis:
914 3220 946 3273 et
967 3210 1049 3275 sicut
1069 3211 1184 3277 tradidi
1205 3212 1297 3276 vobis
1325 3265 1338 3291 ,

245 3293 311 3360 Vos
334 3305 459 3372 autem,
487 3293 659 3372 carissimi,
682 3318 747 3361 me·
785 3308 944 3385 praecepte
958 3319 1030 3364 mea
1046 3300 1170 3366 tenetis.
1197 3325 1223 3366 ι.
1242 3301 1330 3368 Cor.

201 3403 308 3447 mores
331 3394 433 3448 estote
456 3382 648 3461 verborum,
699 3407 747 3449 un
792 3407 840 3448 rr.
863 3405 892 3449 n.

200 3469 351 3558 praedicta
368 3483 442 3536 sunt
457 3471 538 3538 aba
561 3407 746 3538 ostolisih·
830 3469 925 3538 Scitis
942 3474 1053 3551 enim,
1074 3499 1144 3566 quae
1190 3490 1336 3566 raeccpta

201 3557 281 3623 mini
305 3559 407 3624 nostri
427 3557 504 3625 Jesu
528 3493 665 3637 dhriui,
691 3562 745 3650 qni
786 3559 929 3627 dederim
955 3562 1045 3629 vohis
1071 3587 1128 3653 per
1154 3501 1338 3637 dominum

202 3641 746 3736 dicebantrohis,quoniaminno-
786 3647 907 3715 desum.
932 3673 959 3716 r.
978 3651 1086 3730 These,
1103 3657 1136 3733 d.
1161 3677 1191 3720 2.
1217 3655 1336 3743 Itaque

201 3734 331 3800 sissimo
346 3747 491 3824 tempore
501 3737 628 3802 venient
640 3736 745 3805 illuso·
785 3738 839 3825 qui
851 3737 920 3804 haee
936 3741 1069 3828 spernit,
1083 3765 1147 3808 non
1164 3742 1336 3813 hominnm

201 3843 252 3887 res
290 3823 466 3891 secundum
501 3823 655 3891 desideria
688 3851 744 3892 sua
786 3828 921 3977 spernit,
945 3827 1133 3906 sedDoum,
1157 3831 1212 3918 qui
1231 3832 1335 3901 etiam

202 3908 401 3979 ambulantes
445 3912 478 3979 in
515 3912 740 4003 impietatibus.
808 3913 873 3978 edit
890 3913 1043 4002 Spiritum
1059 3917 1213 3988 Sanctum
1234 3943 1335 3992 suum

201 3997 300 4072 luda
319 4023 367 4098 η.
592 4013 596 4022 “
785 4001 818 4068 in
836 4001 946 4080 nobis,
961 4026 996 4076 ν.
1014 4006 1045 4078 8.
