2884 4725
187 484 310 645 pbstea
326 542 457 642 plmies
476 539 668 637 impressus
678 551 749 635 est,
762 551 839 612 tum
852 540 890 612 in
900 539 1026 613 eedem
1039 541 1193 613 urbean.
1208 542 1310 635 1751,

192 690 303 764 1791,
329 678 406 737 tum
429 669 577 738 venetiis
595 690 652 735 an.
676 650 765 758 1758
781 717 792 760 ‚
808 676 855 756 ..et
882 662 1074 745 novissime
1099 688 1156 734 an.
1176 660 1279 733 1818.

180 868 182 873 ¹
235 832 412 908 Ultimam
444 830 536 903 hanc
568 830 764 903 editionem
790 831 903 903 secuti
932 858 1073 926 snmus,
1099 854 1172 903 non
1197 827 1247 898 ita
1264 838 1316 898 ta«
1419 876 1422 880 -

187 978 271 1035 rnen
293 952 379 1051 quin
398 949 508 1037 multa
522 946 566 1019 ad
587 952 662 1047 ejus
689 949 947 1047 perfectionem
968 950 1236 1024 contulerimus.
1281 1028 1286 1037 ,

234 1106 395 1182 Primiim
414 1108 518 1181 multi
535 1104 809 1191 inveniebantur
837 1106 966 1179 Biblini
993 1121 1138 1204 textus,
1162 1091 1315 1184 auctoris
1431 1177 1435 1188 ,

188 1228 307 1305 verbis
320 1255 359 1301 ac
377 1229 481 1313 dictis
498 1228 673 1333 immixti3
690 1225 790 1327 quod
805 1226 850 1296 ab
867 1250 910 1314 ep
925 1224 1059 1302 sactum
1072 1227 1186 1298 tuerat
1200 1224 1257 1300 vel
1276 1234 1316 1291 ut

188 1362 305 1423 textus
318 1349 414 1449 ipsos
430 1350 598 1423 clariores
611 1348 795 1442 redderet,
815 1358 850 1418 et
866 1344 1022 1444 quodam
1032 1346 1142 1419 modo
1161 1344 1316 1444 explica·

188 1482 259 1561 ret3
273 1467 383 1546 velut
393 1470 403 1540 i
408 1470 568 1559 adiceret
581 1494 620 1541 ea
635 1494 712 1567 quae
721 1468 759 1539 in
772 1466 1095 1551 extensumreserre
1104 1493 1176 1540 non
1190 1490 1319 1564 oppor·

188 1606 314 1663 tonum
326 1592 527 1691 judicabat:
542 1604 579 1664 at
598 1591 672 1663 sere
695 1589 827 1687 ubique
848 1584 948 1663 nullo
975 1588 1135 1662 adhibito
1165 1587 1314 1668 distincv

188 1709 296 1782 tionis
332 1710 464 1807 signo,
499 1711 597 1809 quod
635 1710 743 1783 verba
781 1710 849 1782 Dei
892 1709 938 1781 ab
992 1708 1149 1787 bominis
1197 1704 1315 1785 verbis

191 1826 432 1907 discerneret:
446 1828 552 1924 ideo,
577 1843 660 1927 post
688 1828 863 1901 editorem
890 1828 1048 1921 Italum,
1077 1826 1318 1910 necessarium·

164 2012 165 2015 ,
190 1948 391 2053 censuimus
404 1950 577 2045 ,diverso
590 1948 716 2021 saltem
733 1949 937 2023 charactere
951 1946 1010 2023 illa
1024 1974 1104 2048 quae
1116 1947 1315 2046 scripture,

190 2082 227 2143 et
238 2068 297 2161 illa
312 2096 390 2171 quae
403 2072 555 2145 auctoris
572 2084 655 2144 sunt
670 2071 931 2164 discriminare.

238 2226 378 2299 Deinde
391 2230 497 2326 qulam
512 2226 656 2325 plurimi
671 2224 906 2305 occurrebant
918 2237 1034 2297 textus
1052 2223 1100 2297 ob
1111 2222 1319 2324 innumeras

193 2348 379 2426 varietates
391 2405 402 2446 ,
414 2348 614 2423 additiones
628 2348 963 2449 ‚transpositionem
976 2345 1313 2447 pretermissiones-

195 2495 261 2560 que
292 2470 336 2542 ab
365 2471 409 2544 iis
431 2472 490 2570 qui
516 2473 552 2545 in
571 2472 724 2573 Vulgatl
746 2473 923 2571 leguntur,
951 2471 1140 2544 dissimiles
1163 2470 1316 2544 :multe

191 2590 548 2690 locorumscripturae
560 2592 787 2691 allegationes
802 2590 1100 2664 handaccnrataez
1116 2618 1189 2665 non
1203 2615 1315 2691 pauca

191 2709 296 2810 hujus
310 2709 409 2783 modi
426 2711 556 2784 menda
569 2726 797 2812 supererant,
828 2714 936 2787 etiam
958 2727 1042 2812 post
1071 2710 1313 2787 correctiones
1387 2760 1390 2766 -

191 2828 1316 2934 praeeedentiurnTypograplrorum:quibusmalisutoccurrere

192 2973 295 3044 mos,
316 2952 427 3047 opert
446 2950 499 3032 usi
515 2977 635 3032 sumus
659 2954 748 3046 viri,
773 2954 858 3051 qui,
884 2953 983 3029 nullu
999 2973 1149 3048 paream
1174 2945 1313 3040 labori,

190 3093 330 3164 summo
345 3067 462 3150 studio
481 3095 521 3142 ae
538 3071 624 3142 curd
638 3069 796 3166 singulos
812 3082 928 3155 textus
941 3068 1065 3150 revisit
1073 3122 1090 3161 ,
1103 3079 1140 3137 et
1151 3065 1196 3159 ad
1217 3064 1316 3166 opti-

195 3214 330 3278 marum
358 3188 556 3278 editionum
583 3185 753 3276 trutinam
776 3190 968 3264 revocavit.
998 3188 1100 3268 Idem
1117 3189 1315 3286 praestitere

190 3305 310 3408 plures
334 3309 392 3381 alii
416 3321 499 3410 post
513 3308 715 3408 ipsum;itb
743 3322 783 3380 ut
798 3306 972 3383 affirmare
996 3311 1080 3382 vere
1107 3309 1313 3406 possimus,

193 3427 283 3502 nihil
298 3429 497 3529 neglectum
516 3430 623 3518 fuisse
639 3486 652 3521 ,
667 3443 706 3502 ut
723 3456 813 3529 opus
827 3428 925 3519 illam
936 3430 1174 3530 integritatem
1200 3443 1236 3500 et
1256 3428 1317 3510 in·u

192 3551 458 3649 corruptionem
481 3552 679 3648 obtineret,
704 3579 803 3652 quae,
829 3558 925 3652 juxta
955 3552 1177 3648 Clementem
1198 3553 1314 3647 vffl,

192 3694 310 3760 sacros
323 3670 465 3759 codices¹
474 3673 589 3746 decet.

238 3836 414 3908 Praetereli
438 3838 643 3911 accentibus
665 3865 704 3910 ea
725 3839 834 3913 verba
850 3854 975 3913 notare
991 3824 1210 3935 curavimus,
1233 3867 1313 3940 quae
1382 3849 1385 3855 '

193 3953 350 4058 alioquin
377 3983 520 4032 sensum
543 3959 746 4058 ambignum
779 3973 816 4032 et
840 3960 1031 4035 obscurum
1049 3986 1122 4034 non
1145 3959 1225 4034 rard
1253 3954 1314 4038 ext

191 4070 329 4152 bibent.
