2884 4725
386 15 390 26 .
488 17 492 24 .
577 11 585 26 .
633 0 645 28 s
736 0 763 22 ,ι
1104 15 1112 30 ,
1242 18 1251 31 ·
1311 17 1319 32 0
1421 11 1422 32 Χ

230 54 364 121 occultis
379 56 456 121 meis
472 57 591 121 munda
606 33 659 121 o
680 56 772 139 (Do-
869 25 966 116 “mi''
997 28 1027 76 α
1054 35 1205 102 mmm
1227 15 1360 102 ΝΜ·

230 146 322 209 mina
344 148 387 232 ).
419 156 451 209 et
476 146 517 209 ab
541 143 649 211 alienis
675 167 771 232 parce
869 116 1120 253 &Zizima
1137 118 1360 256 amm

1301 216 1362 257 ono

231 234 771 409 ..ΡΗ

231 422 279 473 ast
302 432 358 475 cor
384 411 513 475 meum?
541 434 638 499 purus
661 428 732 476 sum
753 416 791 475 a·
860 410 1003 476 Credidit
1023 410 1187 478 Abrabam
1213 412 1306 489 Deo,
1331 426 1360 477 ot

228 510 361 586 peccato
374 498 388 563 Ρ
399 500 498 584 Ρνου.
520 523 570 566 ao.
584 524 617 588 9.
816 512 1000 589 reputatum
1015 513 1063 565 est
1075 499 1119 566 illi
1136 500 1177 565 ad
1189 501 1357 589 justitiam.

276 588 390 651 beatus
420 586 545 666 bomo,
568 589 622 675 qui
649 609 774 673 sempor
817 591 897 655 Gon.
917 592 966 654 15.
985 590 1016 653 6.

231 676 435 829 ostffavidus.
454 675 543 742 ibid.
562 680 612 745 ιδ.
633 679 682 757 ι4.
861 678 898 743 ln
914 677 1053 743 Domino
1067 676 1320 765 justificabitur,
1332 690 1359 741 at

305 764 383 829 escit
396 765 512 842 bomo,
526 772 633 831 utrum
645 786 772 839 amore,
817 765 998 831 laudabitur
1013 789 1109 831 omua
1123 787 1243 832 samon
1259 764 1357 831 {sust

230 874 272 917 au
288 850 361 917 odio
386 853 499 943 diguus
515 855 574 920 sit:
595 854 651 921 sad
666 852 773 919 omnia
816 855 884 922 Iso.
904 856 957 933 45.
979 855 1031 919 ab.

233 941 428 1012 infuturum
451 955 617 1009 servantur
639 943 770 1007 incerta.
861 944 909 1008 Do
930 942 1098 1032 augustia,
1126 954 1160 1008 et
1182 942 1228 1008 do
1249 942 1360 1031 judicio

231 1028 351 1097 Enalos.
364 1056 396 1120 9.
412 1056 438 1097 1.
461 1056 490 1097 a.
818 1030 961 1098 sublatus
971 1043 1017 1095 est
1028 1056 1035 1097 :
1045 1032 1360 1119 generationemejus

275 1118 323 1185 De
353 1122 523 1210 propitiato
552 1130 683 1210 peccato
709 1114 775 1183 noli
818 1121 889 1210 quis
906 1118 1090 1186 enarrabit?
1108 1120 1186 1210 quia
1209 1122 1358 1186 abscissus

232 1230 302 1273 osse
313 1209 487 1277 sinemetu.
507 1210 609 1275 Eroti.
627 1208 693 1273 5.5.
818 1222 866 1274 est
877 1210 918 1274 da
930 1214 1014 1273 terra
1026 1210 1204 1275 viventium
1215 1234 1225 1273 :
1238 1224 1360 1297 propter

276 1296 422 1363 Forsitan
452 1300 594 1365 ivnoscet
607 1298 631 1381 -(
653 1297 772 1383 Dona)
818 1294 1109 1386 sceluspopuiimei
1121 1292 1357 1385 percussiouui.

235 1382 358 1453 delictis
374 1387 445 1451 tuis.
495 1410 550 1451 an.
564 1388 595 1465 4.
616 1386 667 1464 ι4.
817 1386 907 1452 Itid.
923 1388 1022 1453 55.8.

278 1474 498 1541 Pmuitontiam
514 1475 772 1563 itaquaago,oto.
874 1475 911 1541 lu
945 1474 1057 1539 diebus
1094 1474 1157 1540 illis
1193 1475 1361 1541 subtrabitur

237 1564 249 1647 (
265 1564 352 1629 ‹tiaett
373 1566 490 1631 Petrus
501 1565 635 1629 Simoni
649 1566 773 1651 satago)
819 1562 920 1640 tuda,
940 1575 973 1628 et
989 1561 1086 1628 lsrabl
1109 1562 1275 1630 habitabit
1289 1588 1360 1630 cou-

232 1651 258 1717 si
275 1650 355 1719 sorta
375 1652 555 1717 remittatur
570 1652 639 1717 tibi.
657 1653 772 1717 Actor.
821 1653 984 1718 fidenter:
1008 1665 1041 1717 et
1063 1652 1127 1719 hoc
1149 1664 1201 1719 est
1224 1676 1357 1724 noman,

232 1742 263 1805 8.
281 1762 332 1808 ιι.
631 1782 633 1787 -
819 1741 905 1829 quod
924 1740 1084 1806 vocabunt
1095 1764 1189 1817 eum,
1212 1743 1360 1807 Dominus

277 1826 339 1897 Pro
363 1844 410 1897 tar
421 1828 776 1898 incredulitntamsraoti
820 1831 921 1917 justus
933 1841 1050 1894 noster.
1065 1830 1189 1894 lemn.
1206 1833 1260 1896 25.
1271 1828 1355 1895 old.

166 1996 167 2001 η
233 1930 319 1986 suut.
339 1854 387 1985 bu
403 1932 511 1985 autam
527 1919 589 1985 fido
610 1930 673 1983 stas
691 1916 775 1983 :noli
821 1914 987 1984 verbatim
997 1918 1146 1995 babetur.
1160 1918 1358 1984 abbatim.

234 2006 334 2073 altum
346 2033 475 2098 sapere,
495 2008 549 2073 sed
573 2009 660 2073 timo.
678 2007 772 2073 Boin.
864 2008 961 2083 Eccb,
974 2007 1027 2094 qui
1037 2006 1221 2072 increduius
1229 2020 1288 2082 est,
1299 2028 1362 2070 uon

238 2118 287 2159 ιι.
317 2121 367 2162 uo.
396 2098 481 2161 Vota
499 2120 525 2161 ι.
550 2096 626 2161 Cor.
652 2118 700 2161 ιο.
723 2118 771 2161 ιι.
819 2096 879 2161 orit
894 2108 981 2161 rocta
996 2096 1102 2161 anima
1121 2096 1189 2183 ejus
1200 2097 1231 2159 iu
1242 2106 1359 2158 somet-

233 2184 337 2250 Ilobr.
353 2187 384 2264 4.
405 2208 431 2249 ι.
818 2186 886 2273 ipso
905 2207 913 2248 :
937 2186 1040 2273 justus
1060 2197 1165 2250 antem
1179 2180 1281 2247 infide
1295 2185 1353 2244 susi

276 2270 353 2336 Mihi
369 2285 475 2339 autom
489 2296 548 2360 pro
559 2274 692 2339 minimo
707 2285 774 2349 ast,
821 2274 914 2339 vivet.
934 2272 1062 2339 Habao.
1084 2298 1114 2338 u.
1130 2276 1158 2351 4.

233 2372 267 2426 ut
282 2367 301 2424 b
324 2360 413 2428 vobis
430 2362 554 2451 judicer
569 2413 577 2440 ‚
592 2377 646 2428 aut
657 2365 697 2428 ab
713 2363 776 2426 bu-
868 2363 917 2427 Tu
936 2386 1064 2452 quoque
1085 2358 1276 2448 insanguine
1290 2371 1356 2423 tes·

233 2450 391 2518 monodia
406 2475 414 2515 :
432 2451 599 2539 sednoquo
609 2476 661 2517 me
672 2453 776 2539 ipsum
820 2451 952 2517 tamenti
960 2452 1007 2516 tui
1015 2451 1145 2516 emisisti
1152 2450 1274 2514 vinctos
1290 2461 1361 2512 tuos

232 2539 353 2628 judico.
374 2539 459 2608 Nihil
481 2541 566 2604 anim
582 2540 659 2606 mihi
681 2563 771 2606 cons·
820 2541 861 2606 do
876 2538 970 2618 lacu,
990 2541 1103 2629 inquo
1119 2550 1249 2605 nonest
1267 2561 1357 2626 aqua.

235 2628 303 2693 cius
317 2653 403 2702 sum;
421 2628 553 2696 sednon
565 2629 596 2694 in
610 2629 672 2694 hoo
684 2629 777 2716 justi·
819 2627 919 2696 lact.
935 2656 967 2717 9.
991 2653 1039 2694 11.

235 2715 348 2782 ficatus
365 2741 436 2782 sum
452 2742 459 2782 :
475 2717 642 2806 quinutem
655 2717 777 2805 judicat
864 2718 948 2784 Huic
967 2717 1138 2804 (Christo)
1159 2735 1270 2782 omnes
1284 2715 1361 2780 Pro-

238 2827 306 2880 me,
333 2806 489 2872 Dominus
512 2819 569 2872 est.
595 2831 622 2872 ι.
644 2807 721 2872 Cor.
742 2810 774 2886 4.
821 2805 924 2897 pbotae
940 2806 1158 2871 testimonium
1173 2806 1361 2894 perhibent,

237 2897 268 2962 5.
287 2895 318 2976 4.
821 2895 1266 2982 remissionumpocoatorum
1285 2891 1362 2960 acci·

280 2983 362 3050 Cum
386 2987 473 3050 motu'
492 2996 524 3048 nt
546 2996 685 3050 tremore
707 3008 779 3050 vos-
820 2981 1363 3074 parapernomenejusomuos,qui

238 3087 319 3139 tram
335 3071 469 3138 salutem
485 3072 671 3162 operamini.
685 3073 774 3139 Pttt.
822 3074 960 3140 credunt
971 3074 1004 3138 in
1015 3095 1099 3137 enm.
1111 3073 1228 3136 Actor.
1250 3094 1300 3137 ιο.
1312 3071 1361 3150 45.

240 3186 270 3228 a.
296 3185 342 3228 ιιι.
867 3163 904 3228 ln
931 3163 993 3228 hoc
1024 3160 1171 3246 (scilicet
1203 3159 1361 3242 Christo)

291 3251 327 3317 In
344 3251 455 3317 timore
494 3250 650 3318 incolatus
684 3250 779 3316 vostri
824 3251 1009 3340 omnia,qui
1022 3249 1141 3324 crodit,
1159 3247 1359 3336 justificatur.

239 3339 628 3429 temporaoouvorsamini.
646 3364 672 3405 ι.
687 3341 775 3406 Pstr.
823 3339 914 3406 Ibid.
937 3340 984 3404 ιδ.
1007 3339 1060 3425 59.

243 3453 269 3494 ι.
290 3429 441 3515 17.Vi‹ta
456 3428 558 3498 Hebr.
576 3431 605 3496 b.
626 3431 674 3510 ι4.
868 3428 995 3494 iustitia
1015 3426 1102 3497 onim
1119 3425 1180 3494 Dei
1195 3426 1232 3494 iu
1255 3449 1294 3492 oo
1311 3445 1365 3488 ro·
