2884 4725
204 294 246 357 ts
435 287 518 357 ΔΡΟ
1020 294 1103 363 ΛΡΟ

203 404 328 473 vocavit
366 402 407 469 iu
436 399 572 491 gratiam
613 399 740 468 Christi.
773 416 863 490 'quoe
889 400 1015 468 loeutus
1040 415 1089 478 ¹est
1115 404 1270 472 Dominus
1300 408 1344 473 in

207 495 316 561 Galat.
342 512 368 554 r.
381 492 411 554 6.
789 512 887 565 manu
911 490 1142 579 Prophetarum
1160 494 1310 581 priorum
1331 548 1345 572 ,

247 581 369 645 Mamor
380 590 448 643 esto
460 578 584 665 itaque,
599 578 685 645 unde
696 602 752 645 ain
790 584 865 645 clim
886 578 992 646 adhue
1010 579 1188 653 Jerusalem
1205 582 1346 649 habita-

202 668 338 733 cideris:
353 667 701 755 stt-agapoenitentiam,
714 679 748 733 et
789 680 878 732 retur
890 668 905 732 l
918 668 1020 734 Zaelt.
1044 694 1074 756 7.
1095 694 1125 756 7.
1149 672 1189 735 Et
1211 673 1347 739 lactum

202 758 421 845 primaopera
444 755 520 821 fac:
543 755 746 833 sinautem,
789 768 837 820 est
862 757 995 822 verbum
1022 758 1150 827 Domini
1170 758 1210 826 stl
1234 760 1345 827 Zaca-

201 844 373 911 reniotilti.
388 844 492 933 Apoe.
510 866 538 910 s.
560 845 590 909 5.
789 845 868 911 riam
881 845 1105 913 dieenszllaee
1120 849 1164 916 ait
1176 848 1345 917 Dominus

789 935 1004 1013 exercituum,
1023 934 1152 1010 diceus:
1167 936 1345 1011 «Iudicium
1423 943 1424 952 ³

788 1045 899 1087 verum
916 1022 1082 1111 judicate,
1102 1037 1135 1090 et
1150 1027 1345 1094 misericor·
1423 1079 1424 1082 ,

245 1118 522 1208 Panulam,quam
530 1116 642 1209 reliqui
650 1118 747 1185 Trou·
789 1111 901 1187 ditm,
920 1123 952 1177 et
970 1113 1188 1181 miserationes
1209 1114 1340 1192 stelle,

202 1206 242 1271 de
259 1208 343 1295 apud
360 1208 525 1296 Carpum,
548 1210 677 1276 veniens
699 1209 747 1276 af·
790 1201 1005 1289 uuusquisque
1030 1203 1232 1269 cumfratre
1260 1227 1343 1273 auo.

132 1361 134 1365 ,
201 1296 248 1361 ser
265 1307 390 1373 tecum,
410 1309 442 1362 at
469 1294 584 1373 libros,
609 1298 747 1366 maxime
787 1313 821 1355 v·
836 1292 867 1355 8·

200 1396 307 1449 autem
324 1386 537 1451 membranas.
559 1408 588 1451 a.
605 1386 691 1453 Tim.
710 1389 742 1465 4.
834 1376 1344 1469 Nonsnimvosestis,quitoqm-

788 1467 888 1543 mini,
909 1467 965 1533 sed
986 1467 1122 1555 Spiritus
1143 1468 1245 1535 Patris
1260 1492 1345 1537 res-

789 1556 865 1631 tri,
903 1556 958 1643 qui
989 1554 1129 1645 loquitur
1161 1557 1194 1623 iu
1226 1558 1338 1627 volsis.

244 1652 443 1731 Dumvanio,
457 1654 745 1731 attendeleetioni‚
788 1643 909 1713 Mattls.
933 1666 981 1711 ¹⁰·
1000 1667 1082 1749 ²⁰0·
1111 1719 1114 1724 .

201 1742 433 1821 exhortationi,
447 1757 478 1808 et
491 1744 653 1810 doctrinae.
675 1742 747 1809 Noli
796 1800 801 1806 .
833 1733 874 1799 El
885 1737 959 1798 clim
972 1732 1121 1799 (luwlnl
1136 1756 1191 1800 vot
1205 1733 1346 1802 traden-

202 1830 362 1919 negligere
423 1832 543 1907 stiam,
567 1854 636 1935 qum
660 1832 691 1896 in
705 1844 747 1897 'te
790 1834 837 1887 2⁰⁸
863 1872 872 1898 ,
903 1820 1002 1887 nolite
1028 1824 1232 1915 praecogitare
1254 1826 1344 1911 quid

202 1930 273 1994 est,
289 1942 360 2006 quae
399 1932 449 1983 ata
466 1931 514 1984 est
527 1919 584 1983 tibi
597 1942 654 2007 per
669 1944 748 2008 pro·
789 1908 997 1996 loquamini:
1029 1911 1085 1977 sed
1128 1910 1194 1978 uod
1220 1911 1341 1987 datum

203 2006 362 2095 phstiam,
375 2029 450 2071 cum
463 2007 664 2095 impositione
675 2032 747 2075 ma.
789 1998 878 2065 vobis
894 1998 1037 2065 fueritin
1054 1998 1105 2065 ills
1141 2005 1218 2077 ori,
1234 2001 1268 2065 id
1283 2000 1341 2067 lo-

201 2119 302 2161 nuum
310 2095 510 2184 presbyterii.
526 2096 744 2176 hilm-4¹5·
790 2087 922 2174 quimini
943 2110 1042 2155 :non
1065 2089 1150 2155 enim
1174 2113 1230 2156 ros
1259 2091 1341 2159 estis

343 2225 350 2241 ,
790 2173 978 2262 loquentes,
996 2177 1057 2242 sed
1081 2177 1104 2242 S
1127 2178 1217 2244 iritus
1234 2177 1341 2246 Sane·

200 2224 350 2313 Apostole
376 2238 406 2289 et
433 2223 602 2312 Prophetas
625 2225 748 2319 halus-
789 2275 802 2331 ι
825 2264 949 2333 st
978 2266 1016 2331 ,ὅ
1048 2288 1080 2330 Η
1104 2201 1326 2333 pyt-dmm

299 2329 380 2379 runt
394 2313 563 2404 Spiritum
577 2313 651 2380 Dei.
794 2289 842 2420 ἃ.
867 2377 915 2420 Η.
934 2311 963 2420 θ’
985 2312 1096 2421 91‘15:
1144 2330 1148 2339 ‘
1326 2317 1336 2334 '

212 1002 386 1058 Anosrott,
404 1003 593 1049 ttnttuunuttt·
609 1004 727 1049 trusos.

199 1520 596 1588 Hortantoratlstodiom
604 1523 744 1615 legendi.

244 2445 345 2535 Perge
359 2446 481 2598 ipitur,
506 2455 540 2510 et
563 2468 622 2534 ego
641 2469 697 2510 ero
714 2446 747 2512 in
834 2445 874 2508 Et
895 2466 954 2597 epo
976 2444 1096 2532 rogabo
1121 2443 1274 2521 Patrem,
1303 2459 1341 2518 et

201 2557 258 2599 oro
273 2546 352 2600 tuo:
390 2536 598 2622 oceboqueta
613 2533 742 2622 quidlo
790 2530 887 2597 alium
931 2532 1097 2598 sraelitum
1120 2532 1207 2597 dabit
1222 2533 1337 2612 volsis,

200 2624 317 2710 queris.
344 2622 385 2687 At
403 2621 482 2688 ille:
510 2622 676 2699 Obsecro,
697 2623 749 2688 in·
791 2634 826 2686 ut
848 2634 975 2687 maneat
998 2621 1164 2688 vobiscum
1183 2622 1215 2687 in
1237 2634 1339 2688 sater-

201 2710 282 2798 quit,
297 2709 445 2787 Domine,
462 2712 553 2777 mitto
565 2735 662 2800 quem
676 2712 748 2778 mis*-
790 2727 867 2776 num
882 2734 891 2774 a
906 2708 1060 2798 Spiritum
1071 2711 1224 2787 veritatis,
1236 2735 1339 2799 quem

202 2822 294 2864 surus
306 2821 349 2862 es.
369 2799 477 2864 Emod.
497 2803 528 2879 4.
545 2823 597 2874 ra.
623 2801 747 2868 Videat
790 2798 931 2864 mundus
947 2823 1010 2865 non
1032 2811 1137 2889 potest
1157 2800 1336 2889 accipere,

201 2886 322 2958 Motth.
347 2909 394 2952 ro.
416 2909 466 2954 no.
790 2902 851 2955 eto.
866 2889 967 2968 loon.
988 2892 1036 2967 sl..
1058 2890 1105 2954 ιθ.

246 2975 383 3064 Spiritus
405 2976 533 3043 Domini
553 2976 678 3044 locutus
700 2990 748 3044 est
834 2975 1199 3065 Etrepletisuntomnos
1214 2976 1335 3066 (Apoa

203 3087 261 3155 pan
276 3087 328 3129 me
343 3115 351 3141 ,
366 3077 398 3128 rt
409 3087 514 3130 sermo
530 3065 600 3152 ejus
611 3089 669 3154 per
685 3066 748 3134 lin·
791 3065 850 3130 sote·
866 3063 1008 3154 )Spiritu
1024 3066 1163 3143 Sancto,
1179 3078 1212 3132 et
1231 3087 1341 3154 eoepe

203 3177 299 3243 guam
316 3176 431 3218 meam.
453 3175 481 3217 s.
502 3153 580 3242 tteg.
602 3155 652 3218 al.
671 3177 730 3218 a.·
790 3165 863 3220 runt
880 3152 966 3244 loqui
979 3156 1072 3222 variis
1083 3154 1223 3245 linguis,
1262 3161 1341 3221 rotat

247 3241 361 3309 Adhuc
383 3263 434 3306 me
450 3240 481 3307 lo
526 3253 599 3307 enta
620 3243 652 3308 in
675 3244 748 3308 ora·
791 3243 814 3310 S
838 3242 927 3310 initus
950 3245 1085 3312 Sanetus
1112 3243 1210 3310 dabat
1228 3178 1340 3332 eloqui

202 3331 308 3407 tione,
326 3337 403 3398 ecco
419 3330 465 3396 rin
482 3264 610 3395 linotet
626 3380 635 3407 ,
651 3353 748 3418 quem
790 3265 860 3397 illis.
875 3333 989 3398 Actor.
1010 3356 1040 3397 a.
1059 3335 1090 3412 4.

201 3416 344 3486 videram
361 3421 392 3484 in
405 3420 523 3484 visione
539 3425 556 3484 t
573 3419 746 3508 principio,
834 3422 964 3487 Etcum
980 3431 1144 3497 orassent,
1160 3433 1267 3488 motus
1286 3433 1342 3494 est

202 3509 266 3574 cito
289 3509 397 3574 volans
418 3509 520 3598 tetigit
538 3531 589 3572 me
613 3509 646 3573 in
664 3521 749 3574 tem·
790 3507 935 3587 locus,in
947 3523 1113 3598 quoerant
1128 3511 1337 3600 cougregati;

203 3621 281 3686 pora
289 3597 436 3664 sacrificii
449 3597 618 3685 vespertini
631 3623 639 3664 ι
652 3597 748 3664 etdo-
790 3610 822 3661 et
840 3597 952 3687 repleti
979 3612 1052 3666 sunt
1073 3621 1185 3666 omnes
1211 3598 1338 3688 Spiritu

203 3687 347 3763 cuitmo,
360 3699 391 3752 et
400 3685 665 3754 locutusestmihi
679 3687 747 3764 ,di-
791 3686 923 3764 Sancto,
933 3702 966 3754 et
976 3688 1190 3775 loquebantur
1200 3689 1339 3754 verbum

203 3776 334 3862 sitque:
352 3774 465 3841 Daniel
480 3825 489 3850 ,
507 3799 592 3842 nunc
604 3799 748 3865 egressus
789 3775 848 3840 Dei
865 3801 939 3843 cum
951 3778 1079 3844 fiducia.
1097 3777 1188 3849 leid.
1204 3780 1236 3857 4.
1256 3777 1312 3842 ti.

206 3887 277 3930 num
292 3914 300 3940 ,
315 3876 350 3930 ut
366 3863 515 3930 docerem
531 3877 563 3930 te
580 3915 591 3942 ,
608 3877 639 3931 et
652 3865 748 3932 intel·
834 3865 875 3930 Et
890 3867 967 3932 abiit
979 3868 1131 3943 Ananias,
1147 3880 1180 3932 et
1194 3867 1340 3933 introivit

204 3951 336 4043 ligores,
354 3965 415 4019 etc.
432 3953 520 4018 Dan.
537 3977 567 4041 ς).
590 3977 640 4018 st.
789 3955 823 4020 in
836 3953 979 4020 domum:
992 3969 1025 4025 et
1036 3955 1204 4045 imponens
1219 3956 1250 4022 ei
1265 3972 1335 4030 ms·
1423 3958 1424 3961 ’

250 4041 399 4132 Nunquid
430 4066 495 4112 uon
523 4055 597 4112 suut
621 4044 746 4121 verbs,
789 4067 869 4121 uus,
892 4042 972 4110 dixit
995 4068 1003 4112 ε
1025 4043 1104 4117 satit
1123 4045 1247 4124 frater,
1273 4044 1343 4116 lta.
