<?xml version="1.0" encoding="UTF-8"?>
<!DOCTYPE html PUBLIC "-//W3C//DTD XHTML 1.0 Transitional//EN"
    "http://www.w3.org/TR/xhtml1/DTD/xhtml1-transitional.dtd">
<html xmlns="http://www.w3.org/1999/xhtml" xml:lang="en" lang="en">
 <head>
  <title>
</title>
<meta http-equiv="Content-Type" content="text/html;charset=utf-8" />
  <meta name='ocr-system' content='tesseract 3.04.00' />
  <meta name='ocr-capabilities' content='ocr_page ocr_carea ocr_par ocr_line ocrx_word'/>
</head>
<body>
  <div class='ocr_page' id='page_1' title='image "./thesaurusbiblic00merzgoog_0329.png"; bbox 0 0 2884 4725; ppageno 0'>
   <div class='ocr_carea' id='block_1_1' title="bbox 72 341 1212 990">
    <p class='ocr_par' dir='ltr' id='par_1_1' title="bbox 74 341 1212 708">
     <span class='ocr_line' id='line_1_1' title="bbox 308 341 1212 431; baseline 0.001 -19"><span class='ocrx_word' id='word_1_1' title='bbox 308 345 391 414; x_wconf 72' lang='lat' dir='ltr'><strong>EVA</strong></span> <span class='ocrx_word' id='word_1_2' title='bbox 861 341 948 411; x_wconf 74' lang='lat' dir='ltr'><strong>EVA</strong></span> <span class='ocrx_word' id='word_1_3' title='bbox 1146 343 1212 431; x_wconf 72' lang='lat'><strong>529</strong></span> 
     </span>
     <span class='ocr_line' id='line_1_2' title="bbox 77 451 1212 546; baseline -0.002 -24"><span class='ocrx_word' id='word_1_4' title='bbox 77 453 616 546; x_wconf 71' lang='lat' dir='ltr'><strong>eos(Augeli)incrminurnignis:</strong></span> <span class='ocrx_word' id='word_1_5' title='bbox 708 454 780 522; x_wconf 87' lang='lat' dir='ltr'><strong>Non</strong></span> <span class='ocrx_word' id='word_1_6' title='bbox 800 476 856 519; x_wconf 85' lang='lat' dir='ltr'><strong>vos</strong></span> <span class='ocrx_word' id='word_1_7' title='bbox 877 477 931 520; x_wconf 87' lang='lat' dir='ltr'><strong>me</strong></span> <span class='ocrx_word' id='word_1_8' title='bbox 954 451 1118 542; x_wconf 74' lang='lat' dir='ltr'><strong>elegistis:</strong></span> <span class='ocrx_word' id='word_1_9' title='bbox 1155 454 1212 522; x_wconf 82' lang='lat' dir='ltr'><strong>sed</strong></span> 
     </span>
     <span class='ocr_line' id='line_1_3' title="bbox 76 529 1211 633; baseline 0 -25"><span class='ocrx_word' id='word_1_10' title='bbox 76 545 113 608; x_wconf 90' lang='lat' dir='ltr'><strong>ibi</strong></span> <span class='ocrx_word' id='word_1_11' title='bbox 131 545 192 610; x_wconf 89' lang='lat' dir='ltr'><strong>erit</strong></span> <span class='ocrx_word' id='word_1_12' title='bbox 218 544 333 622; x_wconf 87' lang='lat' dir='ltr'><strong>lletus,</strong></span> <span class='ocrx_word' id='word_1_13' title='bbox 355 556 387 611; x_wconf 90' lang='lat' dir='ltr'><strong>et</strong></span> <span class='ocrx_word' id='word_1_14' title='bbox 406 529 523 610; x_wconf 82' lang='lat' dir='ltr'><strong>stridor</strong></span> <span class='ocrx_word' id='word_1_15' title='bbox 541 542 619 612; x_wconf 85' lang='lat' dir='ltr'><strong>den·</strong></span> <span class='ocrx_word' id='word_1_16' title='bbox 662 566 723 633; x_wconf 73' lang='lat' dir='ltr'><strong>ego</strong></span> <span class='ocrx_word' id='word_1_17' title='bbox 735 542 816 631; x_wconf 74' lang='lat' dir='ltr'><strong>elegi</strong></span> <span class='ocrx_word' id='word_1_18' title='bbox 833 565 908 617; x_wconf 87' lang='lat' dir='ltr'><strong>vos,</strong></span> <span class='ocrx_word' id='word_1_19' title='bbox 929 554 962 607; x_wconf 89' lang='lat' dir='ltr'><strong>et</strong></span> <span class='ocrx_word' id='word_1_20' title='bbox 974 541 1065 630; x_wconf 90' lang='lat' dir='ltr'><strong>posui</strong></span> <span class='ocrx_word' id='word_1_21' title='bbox 1082 565 1159 620; x_wconf 82' lang='lat' dir='ltr'><strong>vos,</strong></span> <span class='ocrx_word' id='word_1_22' title='bbox 1175 555 1211 608; x_wconf 90' lang='lat' dir='ltr'><strong>ut</strong></span> 
     </span>
     <span class='ocr_line' id='line_1_4' title="bbox 74 629 1211 708; baseline 0 -10"><span class='ocrx_word' id='word_1_23' title='bbox 74 634 157 698; x_wconf 87' lang='lat' dir='ltr'><strong>tium.</strong></span> <span class='ocrx_word' id='word_1_24' title='bbox 176 657 212 700; x_wconf 80' lang='lat' dir='ltr'><strong>o.</strong></span> <span class='ocrx_word' id='word_1_25' title='bbox 233 636 287 700; x_wconf 78' lang='lat'><strong>50.</strong></span> <span class='ocrx_word' id='word_1_26' title='bbox 662 633 762 708; x_wconf 83' lang='lat' dir='ltr'><strong>eatis,</strong></span> <span class='ocrx_word' id='word_1_27' title='bbox 789 643 823 698; x_wconf 90' lang='lat' dir='ltr'><strong>ct</strong></span> <span class='ocrx_word' id='word_1_28' title='bbox 840 631 983 698; x_wconf 80' lang='lat' dir='ltr'><strong>fructum</strong></span> <span class='ocrx_word' id='word_1_29' title='bbox 998 629 1157 708; x_wconf 78' lang='lat' dir='ltr'><strong>offeretis,</strong></span> <span class='ocrx_word' id='word_1_30' title='bbox 1178 644 1211 697; x_wconf 90' lang='lat' dir='ltr'><strong>et</strong></span> 
     </span>
    </p>

    <p class='ocr_par' dir='ltr' id='par_1_2' title="bbox 72 721 1212 990">
     <span class='ocr_line' id='line_1_5' title="bbox 109 721 1212 809; baseline 0 -21"><span class='ocrx_word' id='word_1_31' title='bbox 109 721 213 790; x_wconf 83' lang='lat' dir='ltr'><strong>Filius</strong></span> <span class='ocrx_word' id='word_1_32' title='bbox 237 723 323 790; x_wconf 89' lang='lat' dir='ltr'><strong>enim</strong></span> <span class='ocrx_word' id='word_1_33' title='bbox 339 721 477 788; x_wconf 86' lang='lat' dir='ltr'><strong>hominis</strong></span> <span class='ocrx_word' id='word_1_34' title='bbox 497 733 617 788; x_wconf 83' lang='lat' dir='ltr'><strong>ventu·</strong></span> <span class='ocrx_word' id='word_1_35' title='bbox 660 721 1056 788; x_wconf 74' lang='lat' dir='ltr'><strong>fructusvestermsneats</strong></span> <span class='ocrx_word' id='word_1_36' title='bbox 1068 721 1212 809; x_wconf 87' lang='lat' dir='ltr'><strong>utquod·</strong></span> 
     </span>
     <span class='ocr_line' id='line_1_6' title="bbox 73 809 1210 900; baseline 0 -24"><span class='ocrx_word' id='word_1_37' title='bbox 73 834 123 876; x_wconf 86' lang='lat' dir='ltr'><strong>rus</strong></span> <span class='ocrx_word' id='word_1_38' title='bbox 137 813 231 878; x_wconf 88' lang='lat' dir='ltr'><strong>estin</strong></span> <span class='ocrx_word' id='word_1_39' title='bbox 247 810 347 900; x_wconf 75' lang='lat' dir='ltr'><strong>glorist</strong></span> <span class='ocrx_word' id='word_1_40' title='bbox 364 811 465 878; x_wconf 78' lang='lat' dir='ltr'><strong>Patris</strong></span> <span class='ocrx_word' id='word_1_41' title='bbox 479 811 527 875; x_wconf 84' lang='lat' dir='ltr'><strong>sui</strong></span> <span class='ocrx_word' id='word_1_42' title='bbox 540 833 616 876; x_wconf 89' lang='lat' dir='ltr'><strong>cum</strong></span> <span class='ocrx_word' id='word_1_43' title='bbox 662 833 790 897; x_wconf 88' lang='lat' dir='ltr'><strong>cunque</strong></span> <span class='ocrx_word' id='word_1_44' title='bbox 826 809 981 897; x_wconf 88' lang='lat' dir='ltr'><strong>petieritis</strong></span> <span class='ocrx_word' id='word_1_45' title='bbox 1013 809 1140 878; x_wconf 78' lang='lat' dir='ltr'><strong>Patrem</strong></span> <span class='ocrx_word' id='word_1_46' title='bbox 1176 811 1210 876; x_wconf 93' lang='lat' dir='ltr'><strong>in</strong></span> 
     </span>
     <span class='ocr_line' id='line_1_7' title="bbox 72 898 1206 990; baseline -0.003 -23"><span class='ocrx_word' id='word_1_47' title='bbox 72 899 196 990; x_wconf 78' lang='lat' dir='ltr'><strong>Angelis</strong></span> <span class='ocrx_word' id='word_1_48' title='bbox 204 902 269 968; x_wconf 85' lang='lat' dir='ltr'><strong>suis</strong></span> <span class='ocrx_word' id='word_1_49' title='bbox 275 926 285 976; x_wconf 68' lang='grc' dir='ltr'><strong><em>ς</em></strong></span> <span class='ocrx_word' id='word_1_50' title='bbox 297 913 329 966; x_wconf 87' lang='lat' dir='ltr'><strong>et</strong></span> <span class='ocrx_word' id='word_1_51' title='bbox 337 913 414 969; x_wconf 84' lang='lat' dir='ltr'><strong>tnnc</strong></span> <span class='ocrx_word' id='word_1_52' title='bbox 426 900 539 966; x_wconf 88' lang='lat' dir='ltr'><strong>reddet</strong></span> <span class='ocrx_word' id='word_1_53' title='bbox 547 899 617 965; x_wconf 89' lang='lat' dir='ltr'><strong>uni·</strong></span> <span class='ocrx_word' id='word_1_54' title='bbox 661 899 794 965; x_wconf 88' lang='lat' dir='ltr'><strong>nomine</strong></span> <span class='ocrx_word' id='word_1_55' title='bbox 808 921 899 975; x_wconf 89' lang='lat' dir='ltr'><strong>meo,</strong></span> <span class='ocrx_word' id='word_1_56' title='bbox 916 898 970 964; x_wconf 88' lang='lat' dir='ltr'><strong>det</strong></span> <span class='ocrx_word' id='word_1_57' title='bbox 985 898 1086 964; x_wconf 85' lang='lat' dir='ltr'><strong>vobis.</strong></span> <span class='ocrx_word' id='word_1_58' title='bbox 1105 901 1206 964; x_wconf 77' lang='lat' dir='ltr'><strong>loon.</strong></span> 
     </span>
    </p>
   </div>
   <div class='ocr_carea' id='block_1_2' title="bbox 67 989 1230 4198">
    <p class='ocr_par' dir='ltr' id='par_1_3' title="bbox 70 989 1211 1166">
     <span class='ocr_line' id='line_1_8' title="bbox 72 989 786 1078; baseline -0.004 -22"><span class='ocrx_word' id='word_1_59' title='bbox 72 989 183 1078; x_wconf 85' lang='lat' dir='ltr'><strong>cuique</strong></span> <span class='ocrx_word' id='word_1_60' title='bbox 209 989 388 1058; x_wconf 78' lang='lat' dir='ltr'><strong>secundum</strong></span> <span class='ocrx_word' id='word_1_61' title='bbox 412 1013 512 1078; x_wconf 79' lang='lat' dir='ltr'><strong>opera</strong></span> <span class='ocrx_word' id='word_1_62' title='bbox 531 990 613 1076; x_wconf 81' lang='lat' dir='ltr'><strong>ejus.</strong></span> <span class='ocrx_word' id='word_1_63' title='bbox 664 991 715 1056; x_wconf 71' lang='lat'><strong>15.</strong></span> <span class='ocrx_word' id='word_1_64' title='bbox 736 989 786 1054; x_wconf 79' lang='lat'><strong>16.</strong></span> 
     </span>
     <span class='ocr_line' id='line_1_9' title="bbox 70 1073 1211 1166; baseline -0.002 -18"><span class='ocrx_word' id='word_1_65' title='bbox 70 1078 155 1148; x_wconf 68' lang='lat' dir='ltr'><strong>Itis.</strong></span> <span class='ocrx_word' id='word_1_66' title='bbox 179 1081 233 1145; x_wconf 70' lang='lat'><strong>16.</strong></span> <span class='ocrx_word' id='word_1_67' title='bbox 252 1102 303 1166; x_wconf 74' lang='lat'><strong>²7·</strong></span> <span class='ocrx_word' id='word_1_68' title='bbox 706 1073 878 1146; x_wconf 83' lang='lat' dir='ltr'><strong>Revelatur</strong></span> <span class='ocrx_word' id='word_1_69' title='bbox 899 1077 985 1144; x_wconf 89' lang='lat' dir='ltr'><strong>enim</strong></span> <span class='ocrx_word' id='word_1_70' title='bbox 1006 1075 1054 1143; x_wconf 79' lang='lat' dir='ltr'><strong>irs</strong></span> <span class='ocrx_word' id='word_1_71' title='bbox 1078 1075 1138 1144; x_wconf 89' lang='lat' dir='ltr'><strong>Dei</strong></span> <span class='ocrx_word' id='word_1_72' title='bbox 1169 1077 1211 1146; x_wconf 78' lang='lat' dir='ltr'><strong>do</strong></span> 
     </span>
    </p>

    <p class='ocr_par' dir='ltr' id='par_1_4' title="bbox 72 1165 1211 1343">
     <span class='ocr_line' id='line_1_10' title="bbox 110 1165 1211 1256; baseline -0.004 -20"><span class='ocrx_word' id='word_1_73' title='bbox 110 1168 166 1236; x_wconf 76' lang='lat' dir='ltr'><strong>Ve</strong></span> <span class='ocrx_word' id='word_1_74' title='bbox 190 1167 317 1234; x_wconf 82' lang='lat' dir='ltr'><strong>bomini</strong></span> <span class='ocrx_word' id='word_1_75' title='bbox 340 1165 411 1242; x_wconf 84' lang='lat' dir='ltr'><strong>illi.</strong></span> <span class='ocrx_word' id='word_1_76' title='bbox 439 1190 615 1255; x_wconf 85' lang='lat' dir='ltr'><strong>perquem</strong></span> <span class='ocrx_word' id='word_1_77' title='bbox 661 1165 744 1234; x_wconf 79' lang='lat' dir='ltr'><strong>coelo</strong></span> <span class='ocrx_word' id='word_1_78' title='bbox 774 1190 872 1256; x_wconf 89' lang='lat' dir='ltr'><strong>super</strong></span> <span class='ocrx_word' id='word_1_79' title='bbox 899 1189 1030 1233; x_wconf 88' lang='lat' dir='ltr'><strong>omnem</strong></span> <span class='ocrx_word' id='word_1_80' title='bbox 1060 1165 1211 1256; x_wconf 80' lang='lat' dir='ltr'><strong>impieta-</strong></span> 
     </span>
     <span class='ocr_line' id='line_1_11' title="bbox 72 1253 1210 1343; baseline -0.004 -19"><span class='ocrx_word' id='word_1_81' title='bbox 72 1255 370 1330; x_wconf 76' lang='lat' dir='ltr'><strong>scendnlumvenit.</strong></span> <span class='ocrx_word' id='word_1_82' title='bbox 386 1255 478 1322; x_wconf 83' lang='lat' dir='ltr'><strong>Ilu‘d.</strong></span> <span class='ocrx_word' id='word_1_83' title='bbox 501 1259 546 1323; x_wconf 82' lang='lat'><strong>18.</strong></span> <span class='ocrx_word' id='word_1_84' title='bbox 561 1281 591 1343; x_wconf 89' lang='lat'><strong>7.</strong></span> <span class='ocrx_word' id='word_1_85' title='bbox 661 1267 747 1331; x_wconf 88' lang='lat' dir='ltr'><strong>tem,</strong></span> <span class='ocrx_word' id='word_1_86' title='bbox 772 1268 806 1320; x_wconf 90' lang='lat' dir='ltr'><strong>et</strong></span> <span class='ocrx_word' id='word_1_87' title='bbox 828 1255 1018 1343; x_wconf 75' lang='lat' dir='ltr'><strong>injustitiam</strong></span> <span class='ocrx_word' id='word_1_88' title='bbox 1041 1253 1210 1339; x_wconf 76' lang='lat' dir='ltr'><strong>hominurn</strong></span> 
     </span>
    </p>

    <p class='ocr_par' dir='ltr' id='par_1_5' title="bbox 68 1342 1211 1701">
     <span class='ocr_line' id='line_1_12' title="bbox 110 1342 1211 1432; baseline 0.002 -22"><span class='ocrx_word' id='word_1_89' title='bbox 110 1349 152 1411; x_wconf 87' lang='lat' dir='ltr'><strong>Et</strong></span> <span class='ocrx_word' id='word_1_90' title='bbox 184 1345 334 1411; x_wconf 87' lang='lat' dir='ltr'><strong>inutilem</strong></span> <span class='ocrx_word' id='word_1_91' title='bbox 353 1367 481 1413; x_wconf 85' lang='lat' dir='ltr'><strong>servum</strong></span> <span class='ocrx_word' id='word_1_92' title='bbox 511 1345 617 1432; x_wconf 79' lang='lat' dir='ltr'><strong>ejicite</strong></span> <span class='ocrx_word' id='word_1_93' title='bbox 660 1346 858 1431; x_wconf 87' lang='lat' dir='ltr'><strong>eornm,qui</strong></span> <span class='ocrx_word' id='word_1_94' title='bbox 873 1342 1149 1411; x_wconf 76' lang='lat' dir='ltr'><strong>veritateinDeiin</strong></span> <span class='ocrx_word' id='word_1_95' title='bbox 1164 1345 1211 1412; x_wconf 87' lang='lat' dir='ltr'><strong>in·</strong></span> 
     </span>
     <span class='ocr_line' id='line_1_13' title="bbox 69 1432 1184 1524; baseline 0.001 -25"><span class='ocrx_word' id='word_1_96' title='bbox 69 1435 99 1500; x_wconf 90' lang='lat' dir='ltr'><strong>in</strong></span> <span class='ocrx_word' id='word_1_97' title='bbox 110 1435 265 1501; x_wconf 79' lang='lat' dir='ltr'><strong>tenebras</strong></span> <span class='ocrx_word' id='word_1_98' title='bbox 278 1435 468 1506; x_wconf 86' lang='lat' dir='ltr'><strong>exteriores;</strong></span> <span class='ocrx_word' id='word_1_99' title='bbox 480 1432 544 1499; x_wconf 92' lang='lat' dir='ltr'><strong>illic</strong></span> <span class='ocrx_word' id='word_1_100' title='bbox 556 1435 616 1500; x_wconf 91' lang='lat' dir='ltr'><strong>erit</strong></span> <span class='ocrx_word' id='word_1_101' title='bbox 660 1433 782 1524; x_wconf 70' lang='lat' dir='ltr'><strong>justitii</strong></span> <span class='ocrx_word' id='word_1_102' title='bbox 797 1434 952 1500; x_wconf 83' lang='lat' dir='ltr'><strong>detinent.</strong></span> <span class='ocrx_word' id='word_1_103' title='bbox 971 1435 1066 1500; x_wconf 82' lang='lat' dir='ltr'><strong>Rom.</strong></span> <span class='ocrx_word' id='word_1_104' title='bbox 1086 1457 1114 1499; x_wconf 84' lang='lat' dir='ltr'><strong>r.</strong></span> <span class='ocrx_word' id='word_1_105' title='bbox 1135 1437 1184 1502; x_wconf 81' lang='lat'><strong>18.</strong></span> 
     </span>
     <span class='ocr_line' id='line_1_14' title="bbox 68 1521 1210 1598; baseline 0.004 -10"><span class='ocrx_word' id='word_1_106' title='bbox 68 1523 163 1592; x_wconf 86' lang='lat' dir='ltr'><strong>fletus</strong></span> <span class='ocrx_word' id='word_1_107' title='bbox 176 1537 209 1590; x_wconf 86' lang='lat' dir='ltr'><strong>et</strong></span> <span class='ocrx_word' id='word_1_108' title='bbox 218 1523 338 1598; x_wconf 76' lang='lat' dir='ltr'><strong>stridor</strong></span> <span class='ocrx_word' id='word_1_109' title='bbox 350 1522 502 1592; x_wconf 84' lang='lat' dir='ltr'><strong>dentium.</strong></span> <span class='ocrx_word' id='word_1_110' title='bbox 518 1522 611 1588; x_wconf 81' lang='lat' dir='ltr'><strong>Ibid.</strong></span> <span class='ocrx_word' id='word_1_111' title='bbox 705 1523 894 1590; x_wconf 79' lang='lat' dir='ltr'><strong>Secundirm</strong></span> <span class='ocrx_word' id='word_1_112' title='bbox 917 1535 1026 1590; x_wconf 79' lang='lat' dir='ltr'><strong>eutem</strong></span> <span class='ocrx_word' id='word_1_113' title='bbox 1058 1521 1210 1592; x_wconf 77' lang='lat' dir='ltr'><strong>duritiem</strong></span> 
     </span>
     <span class='ocr_line' id='line_1_15' title="bbox 69 1613 1211 1701; baseline 0 -23"><span class='ocrx_word' id='word_1_114' title='bbox 69 1615 120 1678; x_wconf 75' lang='lat'><strong>25.</strong></span> <span class='ocrx_word' id='word_1_115' title='bbox 137 1615 194 1679; x_wconf 77' lang='lat' dir='ltr'><strong>bo.</strong></span> <span class='ocrx_word' id='word_1_116' title='bbox 661 1623 766 1690; x_wconf 81' lang='lat' dir='ltr'><strong>tuem,</strong></span> <span class='ocrx_word' id='word_1_117' title='bbox 780 1624 814 1677; x_wconf 90' lang='lat' dir='ltr'><strong>ct</strong></span> <span class='ocrx_word' id='word_1_118' title='bbox 831 1613 1036 1701; x_wconf 72' lang='lat' dir='ltr'><strong>impenitens</strong></span> <span class='ocrx_word' id='word_1_119' title='bbox 1057 1635 1132 1689; x_wconf 85' lang='lat' dir='ltr'><strong>cor,</strong></span> <span class='ocrx_word' id='word_1_120' title='bbox 1144 1613 1211 1678; x_wconf 91' lang='lat' dir='ltr'><strong>the·</strong></span> 
     </span>
    </p>

    <p class='ocr_par' dir='ltr' id='par_1_6' title="bbox 67 1699 1210 1969">
     <span class='ocr_line' id='line_1_16' title="bbox 111 1699 1210 1788; baseline 0.001 -21"><span class='ocrx_word' id='word_1_121' title='bbox 111 1701 259 1769; x_wconf 72' lang='lat' dir='ltr'><strong>Facilius</strong></span> <span class='ocrx_word' id='word_1_122' title='bbox 281 1713 348 1778; x_wconf 76' lang='lat' dir='ltr'><strong>est,</strong></span> <span class='ocrx_word' id='word_1_123' title='bbox 378 1699 535 1769; x_wconf 72' lang='lat' dir='ltr'><strong>camelum</strong></span> <span class='ocrx_word' id='word_1_124' title='bbox 558 1723 617 1788; x_wconf 88' lang='lat' dir='ltr'><strong>per</strong></span> <span class='ocrx_word' id='word_1_125' title='bbox 660 1703 800 1768; x_wconf 75' lang='lat' dir='ltr'><strong>saurices</strong></span> <span class='ocrx_word' id='word_1_126' title='bbox 810 1701 870 1766; x_wconf 86' lang='lat' dir='ltr'><strong>tibi</strong></span> <span class='ocrx_word' id='word_1_127' title='bbox 888 1703 967 1769; x_wconf 80' lang='lat' dir='ltr'><strong>iram</strong></span> <span class='ocrx_word' id='word_1_128' title='bbox 983 1703 1016 1766; x_wconf 89' lang='lat' dir='ltr'><strong>in</strong></span> <span class='ocrx_word' id='word_1_129' title='bbox 1029 1701 1082 1767; x_wconf 86' lang='lat' dir='ltr'><strong>die</strong></span> <span class='ocrx_word' id='word_1_130' title='bbox 1101 1703 1156 1768; x_wconf 85' lang='lat' dir='ltr'><strong>irae</strong></span> <span class='ocrx_word' id='word_1_131' title='bbox 1177 1715 1210 1768; x_wconf 89' lang='lat' dir='ltr'><strong>et</strong></span> 
     </span>
     <span class='ocr_line' id='line_1_17' title="bbox 68 1788 1206 1880; baseline 0.004 -23"><span class='ocrx_word' id='word_1_132' title='bbox 68 1791 222 1860; x_wconf 80' lang='lat' dir='ltr'><strong>foramen</strong></span> <span class='ocrx_word' id='word_1_133' title='bbox 245 1796 320 1860; x_wconf 70' lang='lat' dir='ltr'><strong>ecus</strong></span> <span class='ocrx_word' id='word_1_134' title='bbox 343 1789 493 1866; x_wconf 78' lang='lat' dir='ltr'><strong>transire,</strong></span> <span class='ocrx_word' id='word_1_135' title='bbox 519 1797 616 1878; x_wconf 69' lang='lat' dir='ltr'><strong>quim</strong></span> <span class='ocrx_word' id='word_1_136' title='bbox 660 1791 862 1858; x_wconf 86' lang='lat' dir='ltr'><strong>revelationis</strong></span> <span class='ocrx_word' id='word_1_137' title='bbox 886 1791 967 1879; x_wconf 84' lang='lat' dir='ltr'><strong>justi</strong></span> <span class='ocrx_word' id='word_1_138' title='bbox 992 1788 1105 1880; x_wconf 89' lang='lat' dir='ltr'><strong>judicii</strong></span> <span class='ocrx_word' id='word_1_139' title='bbox 1136 1792 1206 1861; x_wconf 82' lang='lat' dir='ltr'><strong>Doi.</strong></span> 
     </span>
     <span class='ocr_line' id='line_1_18' title="bbox 67 1879 846 1969; baseline 0.003 -25"><span class='ocrx_word' id='word_1_140' title='bbox 67 1879 203 1946; x_wconf 87' lang='lat' dir='ltr'><strong>divitem</strong></span> <span class='ocrx_word' id='word_1_141' title='bbox 213 1879 331 1948; x_wconf 80' lang='lat' dir='ltr'><strong>intrare</strong></span> <span class='ocrx_word' id='word_1_142' title='bbox 346 1881 379 1948; x_wconf 89' lang='lat' dir='ltr'><strong>in</strong></span> <span class='ocrx_word' id='word_1_143' title='bbox 394 1903 531 1969; x_wconf 76' lang='lat' dir='ltr'><strong>regum</strong></span> <span class='ocrx_word' id='word_1_144' title='bbox 542 1880 611 1946; x_wconf 87' lang='lat' dir='ltr'><strong>Dei.</strong></span> <span class='ocrx_word' id='word_1_145' title='bbox 659 1879 751 1948; x_wconf 64' lang='lat' dir='ltr'><strong>Itis.</strong></span> <span class='ocrx_word' id='word_1_146' title='bbox 769 1903 798 1946; x_wconf 77' lang='lat' dir='ltr'><strong>r.</strong></span> <span class='ocrx_word' id='word_1_147' title='bbox 816 1881 846 1946; x_wconf 85' lang='lat'><strong>5.</strong></span> 
     </span>
    </p>

    <p class='ocr_par' dir='ltr' id='par_1_7' title="bbox 67 1969 1206 2058">
     <span class='ocr_line' id='line_1_19' title="bbox 67 1969 1206 2058; baseline 0.001 -24"><span class='ocrx_word' id='word_1_148' title='bbox 67 1969 247 2038; x_wconf 73' lang='lat' dir='ltr'><strong>Marcio.</strong></span> <span class='ocrx_word' id='word_1_149' title='bbox 272 1971 322 2034; x_wconf 76' lang='lat'><strong>25.</strong></span> <span class='ocrx_word' id='word_1_150' title='bbox 705 1969 1206 2058; x_wconf 71' lang='lat' dir='ltr'><strong>Stipendiacnimpeecatimors.</strong></span> 
     </span>
    </p>

    <p class='ocr_par' dir='ltr' id='par_1_8' title="bbox 69 2057 1211 2594">
     <span class='ocr_line' id='line_1_20' title="bbox 110 2057 1208 2145; baseline -0.001 -20"><span class='ocrx_word' id='word_1_151' title='bbox 110 2057 165 2125; x_wconf 82' lang='lat' dir='ltr'><strong>Vae</strong></span> <span class='ocrx_word' id='word_1_152' title='bbox 178 2057 272 2126; x_wconf 82' lang='lat' dir='ltr'><strong>vobis</strong></span> <span class='ocrx_word' id='word_1_153' title='bbox 285 2057 436 2124; x_wconf 80' lang='lat' dir='ltr'><strong>divitibus</strong></span> <span class='ocrx_word' id='word_1_154' title='bbox 449 2081 459 2123; x_wconf 78' lang='grc' dir='ltr'><strong><em>ε</em></strong></span> <span class='ocrx_word' id='word_1_155' title='bbox 474 2058 548 2145; x_wconf 82' lang='lat' dir='ltr'><strong>quia</strong></span> <span class='ocrx_word' id='word_1_156' title='bbox 560 2057 617 2122; x_wconf 88' lang='lat' dir='ltr'><strong>ba·</strong></span> <span class='ocrx_word' id='word_1_157' title='bbox 663 2057 772 2124; x_wconf 79' lang='lat' dir='ltr'><strong>Gratia</strong></span> <span class='ocrx_word' id='word_1_158' title='bbox 786 2071 895 2124; x_wconf 83' lang='lat' dir='ltr'><strong>eutem</strong></span> <span class='ocrx_word' id='word_1_159' title='bbox 904 2059 962 2124; x_wconf 88' lang='lat' dir='ltr'><strong>Dei</strong></span> <span class='ocrx_word' id='word_1_160' title='bbox 974 2108 983 2134; x_wconf 89' lang='lat'><strong>,</strong></span> <span class='ocrx_word' id='word_1_161' title='bbox 996 2059 1059 2124; x_wconf 84' lang='lat' dir='ltr'><strong>vitu</strong></span> <span class='ocrx_word' id='word_1_162' title='bbox 1068 2071 1208 2134; x_wconf 79' lang='lat' dir='ltr'><strong>selerne,</strong></span> 
     </span>
     <span class='ocr_line' id='line_1_21' title="bbox 69 2145 1211 2216; baseline 0.004 -6"><span class='ocrx_word' id='word_1_163' title='bbox 69 2147 149 2214; x_wconf 85' lang='lat' dir='ltr'><strong>betis</strong></span> <span class='ocrx_word' id='word_1_164' title='bbox 179 2146 436 2214; x_wconf 77' lang='lat' dir='ltr'><strong>consolationem</strong></span> <span class='ocrx_word' id='word_1_165' title='bbox 462 2159 611 2214; x_wconf 81' lang='lat' dir='ltr'><strong>vestram.</strong></span> <span class='ocrx_word' id='word_1_166' title='bbox 661 2145 924 2214; x_wconf 82' lang='lat' dir='ltr'><strong>inChristolcsu</strong></span> <span class='ocrx_word' id='word_1_167' title='bbox 938 2147 1079 2216; x_wconf 89' lang='lat' dir='ltr'><strong>Domino</strong></span> <span class='ocrx_word' id='word_1_168' title='bbox 1097 2160 1211 2215; x_wconf 86' lang='lat' dir='ltr'><strong>nostro</strong></span> 
     </span>
     <span class='ocr_line' id='line_1_22' title="bbox 70 2235 873 2324; baseline -0.002 -20"><span class='ocrx_word' id='word_1_169' title='bbox 70 2235 124 2304; x_wconf 78' lang='lat' dir='ltr'><strong>llae</strong></span> <span class='ocrx_word' id='word_1_170' title='bbox 141 2237 251 2312; x_wconf 78' lang='lat' dir='ltr'><strong>robis,</strong></span> <span class='ocrx_word' id='word_1_171' title='bbox 270 2237 326 2324; x_wconf 89' lang='lat' dir='ltr'><strong>qui</strong></span> <span class='ocrx_word' id='word_1_172' title='bbox 349 2237 480 2303; x_wconf 78' lang='lat' dir='ltr'><strong>saturati</strong></span> <span class='ocrx_word' id='word_1_173' title='bbox 505 2237 580 2302; x_wconf 85' lang='lat' dir='ltr'><strong>estis</strong></span> <span class='ocrx_word' id='word_1_174' title='bbox 605 2259 614 2300; x_wconf 75' lang='grc' dir='ltr'><strong><em>ε</em></strong></span> <span class='ocrx_word' id='word_1_175' title='bbox 659 2237 751 2302; x_wconf 73' lang='lat' dir='ltr'><strong>leid.</strong></span> <span class='ocrx_word' id='word_1_176' title='bbox 769 2239 800 2302; x_wconf 81' lang='lat'><strong>6.</strong></span> <span class='ocrx_word' id='word_1_177' title='bbox 822 2238 873 2302; x_wconf 74' lang='lat'><strong>23.</strong></span> 
     </span>
     <span class='ocr_line' id='line_1_23' title="bbox 75 2325 1210 2415; baseline 0.002 -26"><span class='ocrx_word' id='word_1_178' title='bbox 75 2325 145 2412; x_wconf 83' lang='lat' dir='ltr'><strong>quia</strong></span> <span class='ocrx_word' id='word_1_179' title='bbox 165 2326 324 2393; x_wconf 84' lang='lat' dir='ltr'><strong>esurietis.</strong></span> <span class='ocrx_word' id='word_1_180' title='bbox 350 2325 406 2393; x_wconf 80' lang='lat' dir='ltr'><strong>Vae</strong></span> <span class='ocrx_word' id='word_1_181' title='bbox 425 2325 535 2401; x_wconf 81' lang='lat' dir='ltr'><strong>vobis,</strong></span> <span class='ocrx_word' id='word_1_182' title='bbox 562 2326 615 2413; x_wconf 86' lang='lat' dir='ltr'><strong>qui</strong></span> <span class='ocrx_word' id='word_1_183' title='bbox 704 2325 786 2393; x_wconf 82' lang='lat' dir='ltr'><strong>Vide</strong></span> <span class='ocrx_word' id='word_1_184' title='bbox 794 2326 1068 2415; x_wconf 82' lang='lat' dir='ltr'><strong>orgbbonitetem,</strong></span> <span class='ocrx_word' id='word_1_185' title='bbox 1081 2337 1210 2393; x_wconf 87' lang='lat' dir='ltr'><strong>etseve-</strong></span> 
     </span>
     <span class='ocr_line' id='line_1_24' title="bbox 77 2413 1208 2504; baseline 0.004 -27"><span class='ocrx_word' id='word_1_186' title='bbox 77 2413 183 2479; x_wconf 87' lang='lat' dir='ltr'><strong>ridetis</strong></span> <span class='ocrx_word' id='word_1_187' title='bbox 205 2439 292 2483; x_wconf 90' lang='lat' dir='ltr'><strong>nunc</strong></span> <span class='ocrx_word' id='word_1_188' title='bbox 313 2440 322 2482; x_wconf 74' lang='lat' dir='ltr'><em>z</em></span> <span class='ocrx_word' id='word_1_189' title='bbox 347 2416 420 2502; x_wconf 85' lang='lat' dir='ltr'><strong>quio</strong></span> <span class='ocrx_word' id='word_1_190' title='bbox 446 2414 615 2504; x_wconf 75' lang='lat' dir='ltr'><strong>lugebitis,</strong></span> <span class='ocrx_word' id='word_1_191' title='bbox 661 2416 791 2482; x_wconf 80' lang='lat' dir='ltr'><strong>ritatem</strong></span> <span class='ocrx_word' id='word_1_192' title='bbox 814 2416 874 2481; x_wconf 89' lang='lat' dir='ltr'><strong>Dei</strong></span> <span class='ocrx_word' id='word_1_193' title='bbox 896 2417 955 2483; x_wconf 85' lang='lat' dir='ltr'><strong>:in</strong></span> <span class='ocrx_word' id='word_1_194' title='bbox 982 2439 1038 2481; x_wconf 87' lang='lat' dir='ltr'><strong>eos</strong></span> <span class='ocrx_word' id='word_1_195' title='bbox 1057 2415 1208 2504; x_wconf 82' lang='lat' dir='ltr'><strong>quidem,</strong></span> 
     </span>
     <span class='ocr_line' id='line_1_25' title="bbox 78 2501 1207 2594; baseline 0.004 -25"><span class='ocrx_word' id='word_1_196' title='bbox 78 2501 243 2569; x_wconf 86' lang='lat' dir='ltr'><strong>etllebitis.</strong></span> <span class='ocrx_word' id='word_1_197' title='bbox 260 2504 336 2569; x_wconf 84' lang='lat' dir='ltr'><strong>Luc.</strong></span> <span class='ocrx_word' id='word_1_198' title='bbox 357 2506 388 2569; x_wconf 88' lang='lat'><strong>6.</strong></span> <span class='ocrx_word' id='word_1_199' title='bbox 407 2508 458 2585; x_wconf 74' lang='lat'><strong>24.</strong></span> <span class='ocrx_word' id='word_1_200' title='bbox 661 2506 715 2594; x_wconf 92' lang='lat' dir='ltr'><strong>qni</strong></span> <span class='ocrx_word' id='word_1_201' title='bbox 740 2504 948 2583; x_wconf 87' lang='lat' dir='ltr'><strong>ceciderunt,</strong></span> <span class='ocrx_word' id='word_1_202' title='bbox 970 2504 1174 2571; x_wconf 82' lang='lat' dir='ltr'><strong>severitatem</strong></span> <span class='ocrx_word' id='word_1_203' title='bbox 1198 2530 1207 2573; x_wconf 78' lang='lat' dir='ltr'><strong><em>z</em></strong></span> 
     </span>
    </p>

    <p class='ocr_par' dir='ltr' id='par_1_9' title="bbox 74 2590 1210 2948">
     <span class='ocr_line' id='line_1_26' title="bbox 122 2590 1209 2667; baseline 0.002 -10"><span class='ocrx_word' id='word_1_204' title='bbox 122 2590 173 2657; x_wconf 77' lang='lat' dir='ltr'><strong>Ais</strong></span> <span class='ocrx_word' id='word_1_205' title='bbox 195 2592 236 2657; x_wconf 83' lang='lat' dir='ltr'><strong>ed</strong></span> <span class='ocrx_word' id='word_1_206' title='bbox 258 2592 344 2659; x_wconf 89' lang='lat' dir='ltr'><strong>illum</strong></span> <span class='ocrx_word' id='word_1_207' title='bbox 367 2592 487 2659; x_wconf 85' lang='lat' dir='ltr'><strong>Jesns:</strong></span> <span class='ocrx_word' id='word_1_208' title='bbox 516 2592 616 2659; x_wconf 86' lang='lat' dir='ltr'><strong>Nemo</strong></span> <span class='ocrx_word' id='word_1_209' title='bbox 661 2594 693 2659; x_wconf 91' lang='lat' dir='ltr'><strong>in</strong></span> <span class='ocrx_word' id='word_1_210' title='bbox 711 2605 744 2658; x_wconf 83' lang='lat' dir='ltr'><strong>te</strong></span> <span class='ocrx_word' id='word_1_211' title='bbox 766 2607 873 2659; x_wconf 84' lang='lat' dir='ltr'><strong>nutem</strong></span> <span class='ocrx_word' id='word_1_212' title='bbox 888 2593 1066 2659; x_wconf 78' lang='lat' dir='ltr'><strong>bonitatem</strong></span> <span class='ocrx_word' id='word_1_213' title='bbox 1086 2594 1166 2667; x_wconf 81' lang='lat' dir='ltr'><strong>Dei,</strong></span> <span class='ocrx_word' id='word_1_214' title='bbox 1181 2596 1209 2661; x_wconf 87' lang='lat' dir='ltr'><strong>si</strong></span> 
     </span>
     <span class='ocr_line' id='line_1_27' title="bbox 76 2680 1210 2771; baseline 0.004 -26"><span class='ocrx_word' id='word_1_215' title='bbox 76 2680 206 2745; x_wconf 88' lang='lat' dir='ltr'><strong>mittens</strong></span> <span class='ocrx_word' id='word_1_216' title='bbox 228 2705 355 2747; x_wconf 78' lang='lat' dir='ltr'><strong>monum</strong></span> <span class='ocrx_word' id='word_1_217' title='bbox 373 2706 463 2747; x_wconf 86' lang='lat' dir='ltr'><strong>suam</strong></span> <span class='ocrx_word' id='word_1_218' title='bbox 484 2682 524 2749; x_wconf 84' lang='lat' dir='ltr'><strong>ad</strong></span> <span class='ocrx_word' id='word_1_219' title='bbox 545 2706 617 2749; x_wconf 79' lang='lat' dir='ltr'><strong>ara-</strong></span> <span class='ocrx_word' id='word_1_220' title='bbox 662 2684 875 2771; x_wconf 84' lang='lat' dir='ltr'><strong>pcrmnnseris</strong></span> <span class='ocrx_word' id='word_1_221' title='bbox 894 2683 928 2748; x_wconf 95' lang='lat' dir='ltr'><strong>in</strong></span> <span class='ocrx_word' id='word_1_222' title='bbox 943 2684 1107 2757; x_wconf 75' lang='lat' dir='ltr'><strong>bonitate3</strong></span> <span class='ocrx_word' id='word_1_223' title='bbox 1133 2683 1210 2749; x_wconf 87' lang='lat' dir='ltr'><strong>alio-</strong></span> 
     </span>
     <span class='ocr_line' id='line_1_28' title="bbox 78 2772 1206 2860; baseline 0.004 -27"><span class='ocrx_word' id='word_1_224' title='bbox 78 2780 178 2851; x_wconf 69' lang='lat' dir='ltr'><strong>num,</strong></span> <span class='ocrx_word' id='word_1_225' title='bbox 195 2782 229 2837; x_wconf 85' lang='lat' dir='ltr'><strong>et</strong></span> <span class='ocrx_word' id='word_1_226' title='bbox 243 2772 416 2859; x_wconf 79' lang='lat' dir='ltr'><strong>respiciens</strong></span> <span class='ocrx_word' id='word_1_227' title='bbox 436 2776 542 2846; x_wconf 86' lang='lat' dir='ltr'><strong>retrb,</strong></span> <span class='ocrx_word' id='word_1_228' title='bbox 558 2795 618 2859; x_wconf 79' lang='lat' dir='ltr'><strong>rp-</strong></span> <span class='ocrx_word' id='word_1_229' title='bbox 662 2773 740 2860; x_wconf 89' lang='lat' dir='ltr'><strong>quin</strong></span> <span class='ocrx_word' id='word_1_230' title='bbox 756 2784 790 2839; x_wconf 90' lang='lat' dir='ltr'><strong>et</strong></span> <span class='ocrx_word' id='word_1_231' title='bbox 804 2785 841 2837; x_wconf 86' lang='lat' dir='ltr'><strong>tu</strong></span> <span class='ocrx_word' id='word_1_232' title='bbox 856 2772 1022 2843; x_wconf 82' lang='lat' dir='ltr'><strong>excideris.</strong></span> <span class='ocrx_word' id='word_1_233' title='bbox 1037 2772 1128 2839; x_wconf 77' lang='lat' dir='ltr'><strong>lttd.</strong></span> <span class='ocrx_word' id='word_1_234' title='bbox 1154 2796 1206 2839; x_wconf 82' lang='grc' dir='ltr'><strong>ιι.</strong></span> 
     </span>
     <span class='ocr_line' id='line_1_29' title="bbox 74 2859 716 2948; baseline 0.005 -24"><span class='ocrx_word' id='word_1_235' title='bbox 74 2870 122 2925; x_wconf 84' lang='lat' dir='ltr'><strong>tus</strong></span> <span class='ocrx_word' id='word_1_236' title='bbox 136 2871 184 2925; x_wconf 85' lang='lat' dir='ltr'><strong>est</strong></span> <span class='ocrx_word' id='word_1_237' title='bbox 203 2860 383 2948; x_wconf 76' lang='lat' dir='ltr'><strong>regnoDei.</strong></span> <span class='ocrx_word' id='word_1_238' title='bbox 403 2859 493 2927; x_wconf 78' lang='lat' dir='ltr'><strong>Itid.</strong></span> <span class='ocrx_word' id='word_1_239' title='bbox 509 2884 539 2947; x_wconf 82' lang='lat'><strong>9.</strong></span> <span class='ocrx_word' id='word_1_240' title='bbox 562 2860 614 2925; x_wconf 72' lang='lat'><strong>62.</strong></span> <span class='ocrx_word' id='word_1_241' title='bbox 664 2884 716 2927; x_wconf 80' lang='lat' dir='ltr'><strong>ee.</strong></span> 
     </span>
    </p>

    <p class='ocr_par' dir='ltr' id='par_1_10' title="bbox 74 2949 1210 3209">
     <span class='ocr_line' id='line_1_30' title="bbox 115 2949 1210 3039; baseline 0.002 -26"><span class='ocrx_word' id='word_1_242' title='bbox 115 2950 156 3013; x_wconf 88' lang='lat' dir='ltr'><strong>Et</strong></span> <span class='ocrx_word' id='word_1_243' title='bbox 175 2972 234 3025; x_wconf 81' lang='lat' dir='ltr'><strong>vos</strong></span> <span class='ocrx_word' id='word_1_244' title='bbox 251 2961 354 3015; x_wconf 82' lang='lat' dir='ltr'><strong>estote</strong></span> <span class='ocrx_word' id='word_1_245' title='bbox 377 2949 479 3037; x_wconf 76' lang='lat' dir='ltr'><strong>parati</strong></span> <span class='ocrx_word' id='word_1_246' title='bbox 510 2972 519 3015; x_wconf 90' lang='lat'>:</span> <span class='ocrx_word' id='word_1_247' title='bbox 541 2950 618 3037; x_wconf 82' lang='lat' dir='ltr'><strong>quio</strong></span> <span class='ocrx_word' id='word_1_248' title='bbox 707 2950 819 3039; x_wconf 80' lang='lat' dir='ltr'><strong>ltaque</strong></span> <span class='ocrx_word' id='word_1_249' title='bbox 841 2952 1042 3039; x_wconf 85' lang='lat' dir='ltr'><strong>unusquique</strong></span> <span class='ocrx_word' id='word_1_250' title='bbox 1064 2954 1210 3037; x_wconf 67' lang='lat' dir='ltr'><strong>nostrum</strong></span> 
     </span>
     <span class='ocr_line' id='line_1_31' title="bbox 74 3036 1206 3126; baseline 0.003 -23"><span class='ocrx_word' id='word_1_251' title='bbox 74 3042 135 3125; x_wconf 75' lang='lat' dir='ltr'><strong>qui</strong></span> <span class='ocrx_word' id='word_1_252' title='bbox 160 3036 241 3105; x_wconf 82' lang='lat' dir='ltr'><strong>boni</strong></span> <span class='ocrx_word' id='word_1_253' title='bbox 264 3061 330 3108; x_wconf 83' lang='lat' dir='ltr'><strong>uon</strong></span> <span class='ocrx_word' id='word_1_254' title='bbox 356 3040 493 3126; x_wconf 76' lang='lat' dir='ltr'><strong>putatis,</strong></span> <span class='ocrx_word' id='word_1_255' title='bbox 519 3038 619 3105; x_wconf 84' lang='lat' dir='ltr'><strong>Filius</strong></span> <span class='ocrx_word' id='word_1_256' title='bbox 702 3060 721 3103; x_wconf 92' lang='grc' dir='ltr'><strong>ο</strong></span> <span class='ocrx_word' id='word_1_257' title='bbox 746 3064 780 3106; x_wconf 85' lang='lat' dir='ltr'><strong>se</strong></span> <span class='ocrx_word' id='word_1_258' title='bbox 806 3041 964 3124; x_wconf 73' lang='lat' dir='ltr'><strong>rationem</strong></span> <span class='ocrx_word' id='word_1_259' title='bbox 988 3040 1102 3107; x_wconf 84' lang='lat' dir='ltr'><strong>reddet</strong></span> <span class='ocrx_word' id='word_1_260' title='bbox 1126 3040 1206 3106; x_wconf 77' lang='lat' dir='ltr'><strong>lieo.</strong></span> 
     </span>
     <span class='ocr_line' id='line_1_32' title="bbox 75 3126 894 3209; baseline 0.007 -20"><span class='ocrx_word' id='word_1_261' title='bbox 75 3126 213 3192; x_wconf 86' lang='lat' dir='ltr'><strong>hominis</strong></span> <span class='ocrx_word' id='word_1_262' title='bbox 235 3128 351 3192; x_wconf 88' lang='lat' dir='ltr'><strong>veniet.</strong></span> <span class='ocrx_word' id='word_1_263' title='bbox 371 3126 392 3193; x_wconf 91' lang='lat' dir='ltr'><em>I</em></span> <span class='ocrx_word' id='word_1_264' title='bbox 396 3127 462 3193; x_wconf 83' lang='lat' dir='ltr'><strong>bid.</strong></span> <span class='ocrx_word' id='word_1_265' title='bbox 493 3150 542 3192; x_wconf 78' lang='lat' dir='ltr'><strong>re.</strong></span> <span class='ocrx_word' id='word_1_266' title='bbox 560 3131 615 3209; x_wconf 66' lang='lat' dir='ltr'><strong>lc.</strong></span> <span class='ocrx_word' id='word_1_267' title='bbox 686 3128 754 3193; x_wconf 71' lang='lat' dir='ltr'><strong>tiu</strong></span> <span class='ocrx_word' id='word_1_268' title='bbox 775 3131 825 3209; x_wconf 65' lang='lat' dir='ltr'><strong>id.</strong></span> <span class='ocrx_word' id='word_1_269' title='bbox 845 3152 894 3195; x_wconf 76' lang='lat' dir='ltr'><strong>ln.</strong></span> 
     </span>
    </p>

    <p class='ocr_par' dir='ltr' id='par_1_11' title="bbox 70 3214 1209 3486">
     <span class='ocr_line' id='line_1_33' title="bbox 75 3214 1208 3309; baseline 0.004 -30"><span class='ocrx_word' id='word_1_270' title='bbox 75 3214 135 3281; x_wconf 87' lang='lat' dir='ltr'><strong>Cui</strong></span> <span class='ocrx_word' id='word_1_271' title='bbox 158 3214 424 3285; x_wconf 68' lang='lat' dir='ltr'><strong>munumentum</strong></span> <span class='ocrx_word' id='word_1_272' title='bbox 444 3228 513 3291; x_wconf 82' lang='lat' dir='ltr'><strong>est.</strong></span> <span class='ocrx_word' id='word_1_273' title='bbox 534 3215 619 3285; x_wconf 85' lang='lat' dir='ltr'><strong>mul·</strong></span> <span class='ocrx_word' id='word_1_274' title='bbox 710 3218 968 3309; x_wconf 84' lang='lat' dir='ltr'><strong>Uniuscujusque</strong></span> <span class='ocrx_word' id='word_1_275' title='bbox 991 3242 1072 3307; x_wconf 85' lang='lat' dir='ltr'><strong>opus</strong></span> <span class='ocrx_word' id='word_1_276' title='bbox 1103 3219 1208 3283; x_wconf 79' lang='lat' dir='ltr'><strong>moni·</strong></span> 
     </span>
     <span class='ocr_line' id='line_1_34' title="bbox 73 3306 1209 3392; baseline 0.003 -22"><span class='ocrx_word' id='word_1_277' title='bbox 73 3310 140 3371; x_wconf 73' lang='lat' dir='ltr'><strong>tium</strong></span> <span class='ocrx_word' id='word_1_278' title='bbox 161 3317 326 3392; x_wconf 68' lang='lat' dir='ltr'><strong>queretur</strong></span> <span class='ocrx_word' id='word_1_279' title='bbox 347 3306 386 3373; x_wconf 74' lang='lat' dir='ltr'><strong>nb</strong></span> <span class='ocrx_word' id='word_1_280' title='bbox 406 3330 445 3375; x_wconf 84' lang='lat' dir='ltr'><strong>eo</strong></span> <span class='ocrx_word' id='word_1_281' title='bbox 466 3356 475 3386; x_wconf 83' lang='lat'><strong>,</strong></span> <span class='ocrx_word' id='word_1_282' title='bbox 498 3317 559 3373; x_wconf 87' lang='lat' dir='ltr'><strong>etc.</strong></span> <span class='ocrx_word' id='word_1_283' title='bbox 581 3331 614 3373; x_wconf 85' lang='lat' dir='ltr'><strong>v.</strong></span> <span class='ocrx_word' id='word_1_284' title='bbox 664 3306 780 3375; x_wconf 76' lang='lat' dir='ltr'><strong>festum</strong></span> <span class='ocrx_word' id='word_1_285' title='bbox 793 3308 874 3373; x_wconf 80' lang='lat' dir='ltr'><strong>erits</strong></span> <span class='ocrx_word' id='word_1_286' title='bbox 895 3306 964 3373; x_wconf 86' lang='lat' dir='ltr'><strong>dies</strong></span> <span class='ocrx_word' id='word_1_287' title='bbox 980 3308 1066 3373; x_wconf 82' lang='lat' dir='ltr'><strong>enirn</strong></span> <span class='ocrx_word' id='word_1_288' title='bbox 1080 3306 1209 3375; x_wconf 88' lang='lat' dir='ltr'><strong>Domini</strong></span> 
     </span>
     <span class='ocr_line' id='line_1_35' title="bbox 70 3394 1208 3486; baseline 0 -25"><span class='ocrx_word' id='word_1_289' title='bbox 70 3396 123 3475; x_wconf 70' lang='lat' dir='ltr'><strong>ld.</strong></span> <span class='ocrx_word' id='word_1_290' title='bbox 664 3394 862 3473; x_wconf 76' lang='lat' dir='ltr'><strong>declarabit,</strong></span> <span class='ocrx_word' id='word_1_291' title='bbox 882 3398 957 3484; x_wconf 83' lang='lat' dir='ltr'><strong>quia</strong></span> <span class='ocrx_word' id='word_1_292' title='bbox 977 3398 1011 3463; x_wconf 90' lang='lat' dir='ltr'><strong>in</strong></span> <span class='ocrx_word' id='word_1_293' title='bbox 1030 3398 1104 3486; x_wconf 80' lang='lat' dir='ltr'><strong>igne</strong></span> <span class='ocrx_word' id='word_1_294' title='bbox 1119 3420 1208 3463; x_wconf 65' lang='lat' dir='ltr'><strong>reve</strong></span> 
     </span>
    </p>

    <p class='ocr_par' dir='ltr' id='par_1_12' title="bbox 72 3482 1211 3753">
     <span class='ocr_line' id='line_1_36' title="bbox 114 3482 1211 3577; baseline 0.002 -28"><span class='ocrx_word' id='word_1_295' title='bbox 114 3482 149 3549; x_wconf 88' lang='lat' dir='ltr'><strong>Si</strong></span> <span class='ocrx_word' id='word_1_296' title='bbox 164 3483 387 3571; x_wconf 75' lang='lat' dir='ltr'><strong>poenitentietn</strong></span> <span class='ocrx_word' id='word_1_297' title='bbox 400 3506 463 3549; x_wconf 88' lang='lat' dir='ltr'><strong>non</strong></span> <span class='ocrx_word' id='word_1_298' title='bbox 480 3485 618 3572; x_wconf 76' lang='lat' dir='ltr'><strong>egeritis,</strong></span> <span class='ocrx_word' id='word_1_299' title='bbox 665 3484 801 3553; x_wconf 84' lang='lat' dir='ltr'><strong>labitur:</strong></span> <span class='ocrx_word' id='word_1_300' title='bbox 819 3499 852 3552; x_wconf 90' lang='lat' dir='ltr'><strong>et</strong></span> <span class='ocrx_word' id='word_1_301' title='bbox 868 3486 1211 3577; x_wconf 71' lang='lat' dir='ltr'><strong>uuiuscujusqueopus</strong></span> 
     </span>
     <span class='ocr_line' id='line_1_37' title="bbox 72 3572 1208 3664; baseline 0.006 -28"><span class='ocrx_word' id='word_1_302' title='bbox 72 3594 183 3641; x_wconf 81' lang='lat' dir='ltr'><strong>omnes</strong></span> <span class='ocrx_word' id='word_1_303' title='bbox 199 3572 346 3639; x_wconf 84' lang='lat' dir='ltr'><strong>similiter</strong></span> <span class='ocrx_word' id='word_1_304' title='bbox 356 3572 510 3661; x_wconf 79' lang='lat' dir='ltr'><strong>peribitis.</strong></span> <span class='ocrx_word' id='word_1_305' title='bbox 525 3574 615 3641; x_wconf 75' lang='lat' dir='ltr'><strong>[tid.</strong></span> <span class='ocrx_word' id='word_1_306' title='bbox 664 3572 759 3661; x_wconf 76' lang='lat' dir='ltr'><strong>quale</strong></span> <span class='ocrx_word' id='word_1_307' title='bbox 771 3576 1208 3664; x_wconf 73' lang='lat' dir='ltr'><strong>sit‚ignisprobnbit.1.Cm-.</strong></span> 
     </span>
     <span class='ocr_line' id='line_1_38' title="bbox 74 3662 1210 3753; baseline -0.001 -24"><span class='ocrx_word' id='word_1_308' title='bbox 74 3662 123 3729; x_wconf 71' lang='grc' dir='ltr'><strong>ιδ.</strong></span> <span class='ocrx_word' id='word_1_309' title='bbox 139 3664 171 3729; x_wconf 83' lang='grc'><strong>5.</strong></span> <span class='ocrx_word' id='word_1_310' title='bbox 254 3682 259 3693; x_wconf 86' lang='lat'>&#39;</span> <span class='ocrx_word' id='word_1_311' title='bbox 667 3664 697 3729; x_wconf 81' lang='lat'><strong>5.</strong></span> <span class='ocrx_word' id='word_1_312' title='bbox 722 3665 771 3729; x_wconf 75' lang='lat'><strong>15.</strong></span> <span class='ocrx_word' id='word_1_313' title='bbox 798 3665 831 3730; x_wconf 88' lang='lat' dir='ltr'><strong>Si</strong></span> <span class='ocrx_word' id='word_1_314' title='bbox 847 3665 919 3753; x_wconf 85' lang='lat' dir='ltr'><strong>quis</strong></span> <span class='ocrx_word' id='word_1_315' title='bbox 933 3678 1040 3731; x_wconf 69' lang='lat' dir='ltr'><strong>autent</strong></span> <span class='ocrx_word' id='word_1_316' title='bbox 1054 3664 1210 3753; x_wconf 71' lang='lat' dir='ltr'><strong>templum</strong></span> 
     </span>
    </p>

    <p class='ocr_par' dir='ltr' id='par_1_13' title="bbox 70 3750 1230 4198">
     <span class='ocr_line' id='line_1_39' title="bbox 114 3750 1209 3845; baseline 0 -28"><span class='ocrx_word' id='word_1_317' title='bbox 114 3750 234 3817; x_wconf 77' lang='lat' dir='ltr'><strong>Adhnc</strong></span> <span class='ocrx_word' id='word_1_318' title='bbox 247 3774 348 3818; x_wconf 90' lang='lat' dir='ltr'><strong>unum</strong></span> <span class='ocrx_word' id='word_1_319' title='bbox 362 3750 419 3817; x_wconf 87' lang='lat' dir='ltr'><strong>tibi</strong></span> <span class='ocrx_word' id='word_1_320' title='bbox 428 3750 535 3817; x_wconf 81' lang='lat' dir='ltr'><strong>deest:</strong></span> <span class='ocrx_word' id='word_1_321' title='bbox 554 3776 620 3817; x_wconf 86' lang='lat' dir='ltr'><strong>om·</strong></span> <span class='ocrx_word' id='word_1_322' title='bbox 665 3752 724 3817; x_wconf 90' lang='lat' dir='ltr'><strong>Dei</strong></span> <span class='ocrx_word' id='word_1_323' title='bbox 740 3751 923 3835; x_wconf 73' lang='lat' dir='ltr'><strong>violaverit,</strong></span> <span class='ocrx_word' id='word_1_324' title='bbox 938 3752 1100 3845; x_wconf 82' lang='lat' dir='ltr'><strong>disperdet</strong></span> <span class='ocrx_word' id='word_1_325' title='bbox 1118 3752 1209 3827; x_wconf 77' lang='lat' dir='ltr'><strong>illum</strong></span> 
     </span>
     <span class='ocr_line' id='line_1_40' title="bbox 70 3838 891 3930; baseline 0.005 -25"><span class='ocrx_word' id='word_1_326' title='bbox 70 3840 122 3909; x_wconf 77' lang='lat' dir='ltr'><strong>nia</strong></span> <span class='ocrx_word' id='word_1_327' title='bbox 139 3862 343 3928; x_wconf 75' lang='lat' dir='ltr'><strong>quascunque</strong></span> <span class='ocrx_word' id='word_1_328' title='bbox 362 3838 479 3915; x_wconf 75' lang='lat' dir='ltr'><strong>babes.</strong></span> <span class='ocrx_word' id='word_1_329' title='bbox 497 3840 619 3917; x_wconf 76' lang='lat' dir='ltr'><strong>rende,</strong></span> <span class='ocrx_word' id='word_1_330' title='bbox 665 3842 763 3909; x_wconf 85' lang='lat' dir='ltr'><strong>Deus.</strong></span> <span class='ocrx_word' id='word_1_331' title='bbox 785 3866 818 3909; x_wconf 84' lang='lat' dir='ltr'><strong>v.</strong></span> <span class='ocrx_word' id='word_1_332' title='bbox 843 3868 891 3930; x_wconf 81' lang='lat'><strong>¹7·</strong></span> 
     </span>
     <span class='ocr_line' id='line_1_41' title="bbox 71 3928 1209 4017; baseline 0.005 -22"><span class='ocrx_word' id='word_1_333' title='bbox 71 3942 102 3995; x_wconf 91' lang='lat' dir='ltr'><strong>ct</strong></span> <span class='ocrx_word' id='word_1_334' title='bbox 125 3929 167 3997; x_wconf 79' lang='lat' dir='ltr'><strong>dn</strong></span> <span class='ocrx_word' id='word_1_335' title='bbox 190 3929 405 4017; x_wconf 79' lang='lat' dir='ltr'><strong>pauperibus.</strong></span> <span class='ocrx_word' id='word_1_336' title='bbox 434 3942 467 3995; x_wconf 82' lang='lat' dir='ltr'><strong>et</strong></span> <span class='ocrx_word' id='word_1_337' title='bbox 487 3928 621 3996; x_wconf 84' lang='lat' dir='ltr'><strong>habebis</strong></span> <span class='ocrx_word' id='word_1_338' title='bbox 711 3931 791 4014; x_wconf 81' lang='lat' dir='ltr'><strong>Quae</strong></span> <span class='ocrx_word' id='word_1_339' title='bbox 807 3934 893 3999; x_wconf 85' lang='lat' dir='ltr'><strong>enim</strong></span> <span class='ocrx_word' id='word_1_340' title='bbox 908 3931 1086 3999; x_wconf 74' lang='lat' dir='ltr'><strong>secrmdlrm</strong></span> <span class='ocrx_word' id='word_1_341' title='bbox 1105 3928 1209 4001; x_wconf 79' lang='lat' dir='ltr'><strong>Deum</strong></span> 
     </span>
     <span class='ocr_line' id='line_1_42' title="bbox 71 4016 1210 4110; baseline 0.004 -27"><span class='ocrx_word' id='word_1_342' title='bbox 71 4018 260 4087; x_wconf 82' lang='lat' dir='ltr'><strong>thesaurum</strong></span> <span class='ocrx_word' id='word_1_343' title='bbox 286 4018 317 4083; x_wconf 89' lang='lat' dir='ltr'><strong>in</strong></span> <span class='ocrx_word' id='word_1_344' title='bbox 339 4016 420 4092; x_wconf 85' lang='lat' dir='ltr'><strong>coelo</strong></span> <span class='ocrx_word' id='word_1_345' title='bbox 443 4032 501 4087; x_wconf 74' lang='lat' dir='ltr'><strong>set</strong></span> <span class='ocrx_word' id='word_1_346' title='bbox 528 4020 619 4097; x_wconf 80' lang='lat' dir='ltr'><strong>reni,</strong></span> <span class='ocrx_word' id='word_1_347' title='bbox 665 4022 791 4093; x_wconf 82' lang='lat' dir='ltr'><strong>tristitia</strong></span> <span class='ocrx_word' id='word_1_348' title='bbox 824 4035 896 4095; x_wconf 79' lang='lat' dir='ltr'><strong>est.</strong></span> <span class='ocrx_word' id='word_1_349' title='bbox 925 4018 1148 4110; x_wconf 69' lang='lat' dir='ltr'><strong>penitentiam</strong></span> <span class='ocrx_word' id='word_1_350' title='bbox 1176 4017 1210 4086; x_wconf 90' lang='lat' dir='ltr'><strong>iu</strong></span> 
     </span>
     <span class='ocr_line' id='line_1_43' title="bbox 70 4106 1230 4198; baseline -0.001 -24"><span class='ocrx_word' id='word_1_351' title='bbox 70 4129 206 4195; x_wconf 83' lang='lat' dir='ltr'><strong>sequere</strong></span> <span class='ocrx_word' id='word_1_352' title='bbox 217 4130 281 4189; x_wconf 64' lang='lat' dir='ltr'><strong>me</strong></span> <span class='ocrx_word' id='word_1_353' title='bbox 301 4106 391 4175; x_wconf 63' lang='lat' dir='ltr'><strong>[tiu.</strong></span> <span class='ocrx_word' id='word_1_354' title='bbox 410 4110 459 4177; x_wconf 68' lang='lat' dir='ltr'><strong>r&amp;</strong></span> <span class='ocrx_word' id='word_1_355' title='bbox 478 4130 528 4175; x_wconf 76' lang='lat' dir='ltr'><strong>ee.</strong></span> <span class='ocrx_word' id='word_1_356' title='bbox 664 4110 800 4179; x_wconf 76' lang='lat' dir='ltr'><strong>salntem</strong></span> <span class='ocrx_word' id='word_1_357' title='bbox 838 4110 985 4177; x_wconf 73' lang='lat' dir='ltr'><strong>stabilem</strong></span> <span class='ocrx_word' id='word_1_358' title='bbox 1024 4119 1177 4198; x_wconf 77' lang='lat' dir='ltr'><strong>operetur</strong></span> <span class='ocrx_word' id='word_1_359' title='bbox 1197 4128 1230 4198; x_wconf 55' lang='grc' dir='ltr'><strong>ξ’</strong></span> 
     </span>
    </p>
   </div>
   <div class='ocr_carea' id='block_1_3' title="bbox 0 0 1446 4725">
    <p class='ocr_par' dir='ltr' id='par_1_14' title="bbox 0 0 1446 4725">
     <span class='ocr_line' id='line_1_44' title="bbox 0 0 1446 4725; baseline 0 4"><span class='ocrx_word' id='word_1_360' title='bbox 0 0 1446 4725; x_wconf 95' lang='lat' dir='ltr'><strong> </strong></span> 
     </span>
    </p>
   </div>
  </div>
 </body>
</html>
