2884 4725
294 373 389 452 Eblll'
849 381 934 450 Ettu
1130 376 1195 452 5ι5

106 493 196 565 Sicut
226 499 261 564 in
286 493 394 576 medio
412 490 610 590 compaginis
696 487 800 586 dtquc
813 498 858 564 ita
876 496 1104 569 emundabitur
1123 505 1205 566 ves-'

67 585 203 676 lapidum
233 585 328 677 palus
353 587 480 679 ligitur,
508 589 555 655 sic
578 600 611 654 et
652 598 700 652 tra
715 588 889 692 possessio,
904 611 958 654 me
973 603 1196 656 commorante

69 679 146 741 intel
177 676 325 742 medium
358 678 545 744 venditionis
578 691 611 743 et
652 677 839 742 vobncum:
861 678 920 766 eg'o
938 679 1025 743 enim
1041 701 1113 744 sum
1130 679 1199 745 noa

66 767 232 854 emptionis
249 767 485 856 angustiabitur
497 788 611 856 pecca·
651 765 779 844 minus,
801 766 855 854 qui
875 766 986 847 habito
1009 768 1094 834 inter
1112 767 1196 834 lllios

66 867 137 919 tum.
157 855 269 921 Eccli.
292 877 343 943 27.
365 878 394 922 a.
654 853 761 921 lsrael.
780 855 881 921 llum.
900 857 1024 940 55.st

105 944 234 1010 Statera
262 944 367 1032 justa,
391 957 424 1010 et
449 943 523 1032 ephi
545 944 610 1098 'Lus-
696 942 828 1010 Auferte
840 944 924 1017 Deos
936 943 1055 1011 alienos
1070 944 1111 1011 de
1126 966 1197 1011 me³

67 1045 145 1109 tum,
158 1045 191 1098 et
199 1033 428 1122 beatusjustus
437 1032 545 1100 eritve
569 1033 605 1099 isa
653 1031 706 1098 dio
717 1043 831 1106 vestrl.
846 1032 969 1099 Baalim
979 1047 1012 1100 et
1023 1034 1195 1102 Astarotltt

66 1120 174 1188 nect.
189 1124 250 1202 45.
272 1145 321 1187 ιο.
652 1133 685 1188 et
699 1133 875 1211 praeparate
891 1122 988 1189 corda
1005 1135 1110 1197 restra
1128 1124 1198 1190 Do·—

106 1209 221 1277 Adhuc
245 1210 326 1300 ignis
346 1210 379 1276 in
403 1209 499 1276 domo
522 1209 611 1300 impii
651 1211 1199 1291 mino,etserviteeisoli,eteruet
1271 1231 1275 1236 ·

67 1297 203 1366 thesauri
215 1299 408 1388 iniquitatis,
417 1311 450 1364 ct
461 1299 610 1374 mensura
653 1324 708 1367 vos
724 1300 765 1365 de
779 1323 878 1366 manu
891 1300 1069 1368 Philistiim.
1078 1303 1105 1368 a.
1115 1305 1210 1395 lisga·

67 1389 167 1453 minor
214 1388 271 1454 irai
307 1386 415 1477 plena.
461 1381 612 1476 Nunquid
655 1415 684 1476 7.
707 1389 738 1454 5.

67 1477 248 1564 justificabo
266 1489 417 1544 stateram
432 1476 474 1542 im
499 1476 612 1542 iamet
697 1475 807 1555 Vade,
831 1488 865 1543 et
889 1475 996 1544 lavare
1021 1479 1138 1568 septies
1164 1478 1200 1547 in

67 1559 192 1633 saccelli
205 1566 350 1655 pondera
362 1499 496 1632 dolosal
505 1565 544 1635 M
545 1563 608 1632 tot.
654 1563 816 1642 Jordane,
832 1577 865 1631 et
882 1568 1014 1655 recipiet
1029 1569 1200 1636 sanitatem

67 1656 97 1720 b.
117 1679 168 1726 ro.
194 1678 247 1720 ιι.
490 1721 493 1728 ,
653 1678 730 1736 caro
741 1667 814 1731 tua,
827 1662 923 1744 atque
933 1656 1150 1725 mundaberis.
1161 1659 1195 1738 4.

112 1744 151 1808 ln
170 1762 238 1830 quo
252 1741 337 1818 enim
350 1743 469 1831 judicio
486 1742 613 1832 judica·
654 1745 700 1814 Ile
723 1792 731 1808 .
751 1745 782 1810 b.
802 1767 852 1812 ιο.

68 1831 197 1907 veritis,
209 1830 439 1919 judicabimini.
452 1831 612 1921 Elinqud
698 1768 852 1899 blandatc
895 1834 1027 1900 domum
1068 1825 1202 1902 Domini

68 1925 217 1986 mensura
233 1921 333 1985 mensi
349 1920 489 1997 fueritis,
506 1943 612 1986 reme·
654 1921 713 1988 Dei
728 1935 857 2011 patrum
872 1925 1068 2000 vestrorum,
1088 1937 1121 1990 et
1139 1945 1200 1990 au-

70 2011 165 2074 tietur
181 2006 280 2075 vobis.
295 2008 416 2076 Maru.
434 2033 464 2098 7.
481 2032 511 2076 a.
528 2009 614 2076 Viuo
654 2012 736 2077 ferte
752 2035 883 2078 omnem
903 2012 1139 2080 immunditiam
1158 2013 1200 2080 de

71 2099 175 2166 More.
195 2101 227 2179 4.
249 2099 302 2178 ι4.
655 2101 847 2167 sanctuario.
868 2123 898 2166 a.
918 2103 1033 2168 Por-al.
1055 2125 1106 2192 ²9·
1127 2105 1158 2170 5.

113 2188 176 2268 Qui
197 2199 313 2254 emunt
331 2187 369 2250 iu
385 2185 445 2252 doc
461 2186 588 2260 mundo
598 2235 611 2260 ‚
700 2189 765 2270 Qui
779 2189 988 2277 baptizaturb
1003 2204 1150 2270 mortuo,
1167 2203 1202 2257 et

71 2276 138 2340 sint
151 2283 302 2366 tanquam
322 2297 387 2342 non
403 2275 609 2366 possidentes.
656 2277 773 2343 iterum
790 2279 890 2433 tanffiit
901 2303 996 2358 eum,
1012 2280 1090 2369 quid
1103 2280 1202 2371 proli-

80 2387 107 2429 ι.
128 2366 201 2431 Cor.
219 2390 249 2452 7.
270 2366 323 2431 50.
565 2454 567 2460 y
655 2349 701 2435 cit
712 2366 847 2433 lavatio'
873 2366 1057 2437 iustEcctt.
1072 2372 1125 2450 54.
1142 2372 1197 2437 5ο.

122 2452 168 2518 Ne
183 2456 250 2541 quis
266 2434 544 2543 supergrediatur,
561 2473 614 2519 ne·
630 2468 631 2471 ’
700 2454 881 2532 lavamini,
893 2458 1007 2523 mundi
1019 2470 1134 2536 estote,
1146 2483 1201 2526 au·

79 2562 142 2627 que
170 2538 393 2609 circumveniat
426 2544 457 2609 in
485 2544 614 2633 negotio
656 2544 738 2613 lc'rte
752 2545 872 2611 malum
884 2547 1113 2635 cogitationum
1128 2570 1201 2616 res-

79 2628 208 2695 sratrem
219 2632 489 2721 suum:quonibm
500 2630 615 2697 vindex
656 2634 1198 2705 trarumaboculismcisdso.mli.

80 2730 128 2782 est
149 2720 297 2786 Dominus
319 2720 360 2787 de
383 2718 432 2786 bis
451 2718 610 2787 omnibus.
701 2724 736 2789 Si
759 2724 896 2789 abluerit
917 2725 1073 2792 Dominus
1090 2726 1202 2794 sordes

85 2829 109 2871 ι.
130 2807 159 2875 T
156 2808 233 2875 deas.
252 2812 284 2889 4.
303 2809 334 2875 6.
656 2811 795 2879 filiarum
821 2812 924 2890 Sion,
956 2826 988 2879 et
1014 2818 1203 2905 sanguinem

247 2966 443 3015 mmm
657 2992 748 3080 ejus,
769 2992 802 3057 in
822 2991 935 3080 spiritu
957 2991 1069 3080 judicii
1087 3006 1121 3061 et
1134 2987 1210 3082 spi-¹

118 3076 255 3147 Alleram
267 3080 441 3170 pauxillum
457 3104 567 3170 aqum,
584 3092 616 3147 et
658 3082 721 3147 ritu
736 3078 869 3147 ardoris.
884 3079 974 3147 Ibid.
990 3084 1022 3161 4.
1041 3084 1074 3162 4.

75 3166 173 3234 lavate
180 3170 278 3258 pedes
286 3183 415 3237 vestros.
429 3171 509 3237 Gen.
520 3172 569 3237 18.
580 3172 612 3251 4.
702 3168 816 3235 Parate
834 3169 919 3235 viam
934 3170 1083 3247 Domini,
1099 3181 1203 3237 rectas

117 3258 255 3326 Ab‘icite
274 3260 359 3326 Deos
380 3260 499 3349 alienos
520 3298 563 3311 --
585 3271 617 3325 et
658 3257 752 3324 lacite
767 3259 800 3323 in
816 3256 988 3343 solitudine
1003 3258 1210 3327 semitasDei.

73 3283 296 3426 mundamini,
319 3372 357 3415 ac
377 3360 499 3415 mutato
522 3348 617 3414 vesti·
658 3356 768 3413 nostrl.
787 3347 877 3431 lbid.
897 3351 950 3427 4ο.
970 3350 1001 3415 5.

72 3451 176 3503 menta
189 3449 307 3503 vestra.
327 3437 417 3505 latu.
437 3439 490 3505 55.
511 3460 541 3502 ι.
629 3468 632 3479 ¹
703 3434 977 3503 Circumcidimini
993 3436 1154 3515 Domino,
1170 3448 1206 3505 et

107 3522 618 3614 Facientquemihisanctuarium
658 3526 780 3591 auferte
795 3526 947 3631 praeputia
969 3526 1204 3594 cordiumrcs-

75 3614 124 3699 (de
136 3614 295 3681 cordibus
306 3617 390 3704 suia)
402 3666 411 3692 ‚
421 3628 453 3682 et
465 3608 619 3681 habitabo
658 3624 800 3689 trorum,
813 3612 1107 3681 victorialem.
1122 3619 1155 3696 4.
1167 3620 1201 3696 4.

72 3704 229 3770 inmedio
245 3725 369 3769 eorum.
388 3704 499 3770 Esou.
517 3705 568 3769 25.
584 3705 615 3770 8.
705 3704 744 3766 Et
764 3701 947 3770 emundabo
967 3701 1039 3771 illos
1057 3705 1097 3770 ab
1115 3704 1207 3781 omni

115 3794 156 3858 Et
172 3805 281 3859 vetera
298 3784 386 3859 novis
398 3793 620 3881 supervenien-
659 3786 826 3879 iniquitate
847 3797 902 3859 sua
925 3831 970 3843 --
992 3804 1026 3857 et
1046 3792 1203 3881 propitius

73 3881 156 3947 tibus
172 3880 360 3971 projicietis.
381 3882 501 3949 Ponam
518 3882 620 3947 taber-
659 3881 1201 3971 erocunctisiniquitatibuseorum,

71 3968 226 4037 naculum
235 3993 345 4036 meum
354 3969 386 4037 in
393 3970 499 4038 medio
511 3980 620 4049 vestrl,
660 3970 693 4035 in
706 3970 820 4058 quibus
833 3969 1038 4063 deliquerunt
1046 3966 1135 4035 mihi.
1146 3965 1166 4030 I
1170 3967 1200 4032 b.

71 4071 104 4123 et
121 4084 187 4125 non
206 4060 336 4148 abjiciet
351 4082 407 4127 vos
418 4061 523 4127 anima
535 4084 616 4129 mea,
661 4060 714 4126 55.
733 4062 764 4127 8.

73 4146 179 4213 lecit.
201 4148 254 4215 26.
284 4172 332 4213 ιο.
356 4172 405 4214 ιι.
705 4150 745 4213 Et
766 4148 828 4213 lari
853 4159 885 4212 tc
915 4148 1017 4231 aquai,
1041 4154 1072 4207 et
1093 4146 1216 4212 emun-⁴

657 2900 836 2969 Jerusalem
869 2901 984 2969 laverit
1016 2899 1057 2970 de
1093 2905 1207 2977 medita
1320 2923 1323 2927 ’
