2884 4725
350 275 437 342 ΑΒΗ

158 387 245 477 lgnis
259 386 293 451 in
312 384 408 451 domo
420 372 508 473 impii
523 382 666 451 thesauri

113 476 314 565 iniquitatis,
339 487 536 539 etmensura
560 474 666 539 minor

112 567 164 631 irae
176 564 288 655 plena.
305 564 344 631 M
347 563 454 628 icltue.
474 565 505 627 6.
531 585 580 627 ιο.

155 654 247 735 Quid
258 652 393 741 prodest
405 652 548 727 homini,
563 651 589 714 si
598 650 665 714 uni-

110 766 241 807 versum
251 740 414 806 mundum
424 738 582 815 lucretur,
595 740 664 803 ani-

108 856 170 896 mae
187 836 267 895 vero
286 854 354 895 suae
369 829 664 915 detrimentumpa-

109 916 374 985 tiaturlMottlr.
398 918 448 983 ι6.
466 919 517 982 26.
539 916 666 981 Videat

109 1010 219 1075 Alere.
236 1008 270 1071 8.
285 1008 342 1072 56.
358 1020 388 1071 et
400 1004 477 1071 Luc.
498 1029 529 1093 9.
552 1006 602 1069 25.

156 1096 203 1163 Ne
219 1098 297 1183 quis
311 1094 544 1161 circumveniat
559 1094 590 1158 in
607 1116 665 1158 ne-

106 1187 196 1273 gotio
213 1186 355 1251 fratrem
371 1206 474 1248 suum.
505 1206 532 1247 ι.
555 1181 662 1247 Thess.

106 1276 137 1351 A.
157 1276 190 1339 6.

172 1427 394 1475 Auuountrto
418 1428 459 1473 Au
483 1428 598 1471 Boutffl.

148 1538 291 1605 Dimisit
303 1542 381 1627 ergo
388 1537 499 1601 fratres
506 1558 579 1600 suos
591 1535 666 1620 (lo-

106 1629 203 1717 srplr)
226 1640 263 1693 et
290 1624 568 1716 proficiscentibus
592 1625 664 1688 ait:

109 1718 154 1783 Ne
172 1715 366 1782 irascamini
383 1715 415 1779 in
432 1715 492 1778 via·
512 1714 592 1779 Gen.
608 1714 662 1791 45.

111 1810 162 1885 al.
184 1806 216 1869 V
218 1804 279 1869 ide
291 1819 323 1869 et
339 1828 367 1867 c.
389 1804 438 1868 ι5.
454 1805 485 1867 8.

159 1895 207 1959 lta
223 1894 404 1967 duntaxlrt,
426 1902 461 1955 ut
481 1890 667 1956 custodiatis

113 1996 253 2058 attente,
286 1993 320 2047 et
351 2002 451 2068 opere
480 1977 667 2068 compleatis

115 2072 304 2135 mandatum
313 2081 346 2135 et
354 2068 474 2157 legem,
486 2092 580 2155 quam
589 2091 667 2156 prae-

120 2160 202 2245 oepit
212 2160 305 2224 vobis
317 2158 446 2247 Moyses
455 2154 592 2222 famulus
605 2158 667 2220 Do-

123 2246 223 2322 mini,
254 2260 291 2311 ut
320 2246 459 2335 diligatis
492 2245 666 2309 Dominum

125 2332 393 2412 Deumvestrum‚
412 2346 444 2400 ot
453 2331 622 2400 ambuletis
634 2335 666 2398 in

124 2423 280 2486 omnibus
296 2424 352 2488 viis
366 2425 452 2510 eius,
468 2435 502 2488 et
517 2424 666 2488 observo-

122 2512 164 2575 tis
182 2509 337 2576 mandata
352 2509 451 2586 illius,
469 2512 667 2578 adhaereatis·

119 2624 186 2688 que
210 2601 263 2673 ei.
291 2621 330 2664 ao
356 2601 492 2666 serviatis
518 2601 665 2668 inomni

117 2689 218 2754 eorde
231 2701 358 2765 vestro,
376 2701 408 2754 et
421 2690 548 2754 inomni
561 2690 665 2754 anima

118 2783 233 2843 vestrri.
255 2777 321 2842 Jos.
345 2801 384 2842 ea
403 2781 433 2844 5.

162 2868 316 2954 Dixitque
329 2867 371 2932 ad
383 2891 456 2932 eos:
471 2866 665 2941 Auditeme,

119 2955 667 3033 Levitae,etsanctilienmini;muu·

120 3045 193 3110 date
213 3045 351 3110 domum
378 3045 507 3110 Domini
531 3044 588 3108 Dei
609 3067 666 3132 pa-

121 3133 666 3208 trumvostrorum,otaulerteom-

936 270 1025 337 ADO
1214 277 1251 338 ι5

756 387 819 465 Qui
834 386 1045 472 (Bombos)
1057 390 1132 472 clim
1143 409 1252 475 perve-

711 475 806 539 nisset
822 487 854 538 et
871 474 1001 539 vidisset
1016 476 1149 563 gratiam
1165 475 1224 540 Dei
1239 527 1248 550 ,

709 564 833 650 gavisus
848 576 895 627 est
910 588 918 627 ι
931 575 963 627 et
978 564 1168 628 hortabatur
1179 588 1251 627 om-

710 675 767 717 ues
782 653 814 716 in
829 652 991 740 proposito
1003 653 1108 717 cordis
1122 674 1250 741 perma-

710 741 828 806 uerein
837 741 984 805 Domino.
996 743 1111 805 Actor.
1128 765 1177 806 ιι.
1195 743 1246 805 25.

755 827 988 894 consumantes
1011 831 1133 895 animas
1153 830 1251 895 disci-

709 916 884 1006 pulorum,
915 917 1180 1005 exhortantesque
1215 932 1250 982 ut

709 1018 934 1094 permanerent
955 1007 987 1071 in
1008 1006 1098 1071 fide:
1118 1020 1150 1070 et
1168 1031 1251 1094 quo-

710 1096 796 1160 niam
818 1117 876 1183 per
895 1093 1011 1159 multas
1030 1094 1251 1160 tribulationes

710 1194 836 1272 oportet
852 1205 910 1247 nos
928 1183 1046 1248 intrare
1068 1184 1099 1248 in
1116 1206 1250 1271 regnum

710 1272 779 1337 Dei.
798 1270 888 1336 ltin.
919 1274 967 1350 ι4.
994 1294 1046 1336 ιι.
1071 1271 1201 1337 Videat
1219 1297 1247 1337 e.

712 1384 835 1447 ao.17.

755 1447 889 1537 Propter
922 1448 1007 1536 quod
1043 1447 1251 1515 consolamini

710 1538 847 1602 invicem
870 1588 878 1611 ,
899 1549 932 1601 ct
954 1536 1109 1602 aedificate
1131 1537 1251 1602 alteru-

710 1638 813 1701 trum,
827 1627 909 1691 sicut
920 1637 953 1689 et
965 1626 1077 1691 facitis.
1098 1649 1124 1689 ι.
1139 1626 1246 1691 Thess.
1325 1644 1329 1653 ’

711 1716 742 1780 5.
767 1738 815 1779 ιι.

754 1802 804 1868 Tu
823 1815 930 1867 autem
947 1801 1076 1890 loquore
1097 1826 1166 1889 quac
1184 1800 1250 1867 dc-

711 1904 785 1957 cent
800 1916 909 1957 sanam
925 1891 1103 1958 doctrinam
1118 1916 1125 1956 :
1140 1914 1248 1965 senes,

711 1994 746 2045 ut
760 1981 859 2046 sobrii
870 1982 952 2056 sint,
969 1980 1093 2070 pudici,
1111 1980 1235 2068 prudeu

710 2082 775 2145 tes,
789 2071 856 2135 sani
868 2071 902 2134 in
918 2069 997 2146 lide,
1011 2071 1043 2135 in
1059 2068 1231 2133 dilectione

711 2160 743 2224 iu
757 2158 909 2247 patientia
922 2210 931 2233 ‚
944 2172 1005 2223 etc.
1029 2159 1094 2223 Tit.
1112 2180 1141 2222 a.
1166 2181 1193 2221 ι.
1216 2180 1233 2220 a

754 2248 900 2313 Admone
930 2245 1025 2321 illos,
1052 2246 1250 2334 principibus

710 2350 742 2401 et
760 2335 993 2426 potestantibus
1008 2333 1150 2399 subditos
1162 2358 1247 2410 esse,

709 2426 797 2492 dicto
818 2424 970 2498 obedire,
994 2423 1035 2486 ad
1056 2445 1151 2487 omne
1170 2447 1249 2510 opus
1329 2491 1334 2500 ‚

709 2515 832 2579 bonum
847 2524 974 2601 paratos
985 2533 1071 2586 esse,
1083 2522 1144 2575 etc.
1155 2511 1245 2578 Ibid.

711 2605 741 2669 5.
766 2627 793 2668 ι.

754 2691 886 2764 Videte,
903 2691 1035 2764 fratres,
1056 2712 1096 2753 no
1113 2690 1195 2754 sorte
1210 2691 1251 2755 sit

699 2781 743 2844 ·in
765 2779 870 2868 aliquo
891 2781 1031 2843 vcstrdm
1052 2801 1108 2843 cor
1129 2778 1248 2842 malum

711 2866 940 2932 incredulitatis
967 2918 976 2942 ,
1013 2866 1196 2931 discedendi
1230 2875 1248 2931 a

710 2956 796 3034 Deo,
813 2969 873 3022 etc.
894 2955 996 3021 lIelr.
1017 2957 1048 3020 5.
1072 2979 1121 3020 ra.

865 3109 1112 3156 Anotescuttrtt.

121 3245 194 3286 nem
208 3221 453 3288 immunditiam
465 3221 505 3286 de
517 3232 667 3286 sanctua-
754 3221 872 3286 Sensus
887 3220 1016 3285 enimet
1031 3220 1182 3308 cogitatio
1193 3221 1250 3286 lui-

122 3311 178 3375 rio.
206 3333 237 3376 a.
261 3312 381 3376 Perat.
404 3333 457 3396 ²9·
473 3312 509 3386 5,
530 3309 616 3374 Vide
638 3324 668 3374 ot
709 3309 796 3374 mani
819 3309 925 3374 cordis
951 3310 983 3392 in
1006 3308 1126 3373 malum
1148 3332 1249 3398 prona

128 3420 192 3483 cap.
208 3401 261 3464 5ο.
276 3401 310 3464 6.
331 3413 363 3463 et
374 3399 475 3463 Esdr.
491 3401 521 3463 5.
542 3400 572 3464 6.
588 3411 663 3484 etp.
710 3397 835 3462 suntab
852 3397 1063 3463 adolescentis
1077 3402 1143 3462 sud.
1166 3401 1248 3466 Gen.

170 3485 308 3553 Viriliter
333 3486 438 3576 agite,
458 3500 490 3553 et
505 3487 667 3553 conforta·
710 3489 742 3550 8.
763 3509 814 3550 ιι.

132 3570 330 3644 ιιιῑιιίιιιοΙίιε
341 3577 455 3640 timere
467 3626 475 3650 ,
489 3598 667 3663 neopavea-
756 3574 948 3641 Adolescens
957 3574 1133 3660 juxtAviam
1142 3598 1248 3652 soant,

132 3656 172 3720 tis
186 3683 287 3748 regem
305 3664 530 3752 Assyriorum,
547 3676 580 3728 et
594 3663 668 3728 uni·
710 3665 807 3728 etiam
819 3669 893 3729 cirm
909 3663 1067 3738 senuerit,
1085 3687 1149 3728 non
1165 3688 1244 3730 roro·

131 3769 251 3812 versam
262 3751 519 3828 multitudinem,
534 3775 604 3839 quae
620 3765 668 3816 ost
711 3752 764 3816 det
775 3752 815 3816 ab
825 3757 873 3816 rai.
892 3754 992 3816 Prov.
1014 3773 1065 3815 ee.
1085 3753 1116 3815 6.

128 3857 253 3900 comeo
266 3861 273 3902 ι
286 3839 386 3905 multo
397 3841 484 3905 enim
496 3839 602 3929 plures
613 3865 668 3905 no·
755 3841 828 3906 Tria
847 3853 921 3905 sunt
937 3839 1077 3904 difficilia
1094 3841 1191 3916 milti,
1218 3857 1251 3908 et

125 3924 255 3990 hiscum
277 3940 367 4002 sunt,
389 3936 485 4017 quam
507 3953 580 3995 cum
599 3929 664 3997 illo.
709 3943 858 4017 quartum
876 3929 1000 4015 penitus
1017 3928 1127 4012 ignoro
1142 3953 1150 3994 ι
1165 3933 1248 3995 viam

120 4012 216 4078 Ibid.
237 4015 291 4079 59.
312 4039 340 4101 7.
711 4017 822 4106 aquilae
844 4019 875 4080 iu
894 4012 996 4088 caelo,
1020 4017 1101 4080 viam
1125 4016 1249 4082 colubri
