2884 4725
337 318 416 384 Ans
921 319 1001 387 Ans
1213 327 1234 391 ⁵

102 434 181 497 meis
197 432 342 497 similiter
353 433 517 521 jejunabo.
529 432 648 497 Esther
689 438 788 512 ceris,
806 439 867 501 erit
882 437 914 523 in
927 434 1079 522 pondere.
1091 435 1112 502 I
1115 434 1183 499 bid.
1199 438 1231 514 4.

100 526 131 599 4.
159 523 206 585 rb.
570 573 573 579 .
694 550 743 591 ro.

145 610 258 673 «iustus
275 608 413 675 comedit
425 622 458 674 et
474 606 649 697 repietani-
734 614 900 701 Proposuit
919 625 1037 678 eutem
1064 610 1176 676 Daniel
1201 611 1235 676 in

99 722 186 762 mum
207 722 317 771 suarm
336 710 447 763 venter
466 710 576 762 eutem
593 699 648 762 iur—
690 701 787 767 corde
808 726 886 778 suo,
909 724 949 766 uo
972 699 1171 789 pollueretur
1193 698 1235 765 do

97 786 228 873 piorum
241 786 465 851 insaturabilis.
478 788 578 851 Prov.
597 786 644 851 25.
689 813 799 855 mensa
815 790 1031 879 regionesque
1043 787 1167 853 devino
1180 811 1235 875 po-

99 876 154 951 25,
171 890 203 939 ιι
221 899 293 963 cap.
311 898 362 961 27.
383 899 413 961 7.
690 890 741 943 tus
761 878 851 966 ejus,
874 890 906 943 et
933 878 1056 966 rogavit
1074 876 1235 941 eunucho-

142 964 244 1027 Beata
268 974 351 1029 terra
364 1002 407 1011 -
424 963 517 1048 cujus
535 961 649 1049 priuci—
689 989 762 1030 rum
779 967 1004 1055 prepositum,
1022 987 1063 1029 ue
1077 966 1235 1031 contami·-

96 1075 159 1139 pes¹
177 1064 352 1125 vescuntur
372 1051 404 1115 in
429 1061 572 1138 tempore
592 1073 648 1115 suo
691 1067 833 1121 narretur.
853 1054 942 1120 Dan.
967 1077 994 1118 r.
1014 1055 1045 1118 8.

94 1140 138 1203 nd
177 1139 414 1213 reficiendum,
446 1150 478 1203 et
515 1161 579 1203 uon
610 1138 649 1201 ud
733 1142 858 1208 Dentur
885 1142 977 1207 nobis
1008 1140 1237 1206 tantummodo

93 1228 274 1293 luxuriam.
293 1228 417 1292 Erotes.
438 1250 486 1291 to.
511 1250 521 1289 ι
551 1274 559 1290 .
690 1229 850 1319 legumina
864 1229 904 1294 od
919 1228 1125 1297 vescendumt
1142 1227 1233 1296 Ibid.

137 1316 280 1405 Sapiens
300 1340 376 1391 cor,
397 1327 429 1379 et
453 1251 650 1402 inteliigibilo
689 1344 724 1385 v,
744 1342 792 1384 η.

95 1406 275 1470 abstinebit
296 1428 330 1468 se
351 1411 369 1468 5
390 1415 544 1491 peccato,
565 1416 598 1467 et
617 1403 650 1467 in
735 1405 1238 1473 Panemdesiderabilemnouoo·

93 1494 249 1581 operibus
267 1492 397 1580 justitiro
413 1513 576 1557 successus
591 1490 650 1555 ha·
692 1495 791 1571 medi,
815 1508 847 1560 ot
860 1518 936 1561 cero
952 1507 984 1560 et
994 1496 1105 1561 vinum
1113 1495 1240 1559 nonin·

92 1584 192 1647 bebit.
209 1582 324 1647 Eecli.
346 1580 376 1645 5.
397 1580 449 1645 52.
692 1582 1164 1649 ἱτοίετυηῑὶιιοεωοιιω.15ἱά.
1184 1605 1237 1658 ιο,

139 1671 278 1735 initium
305 1668 378 1734 vitae
403 1668 543 1733 hominis
569 1690 650 1755 aqua
693 1673 723 1737 5.
760 1672 846 1737 Vide
866 1686 897 1735 et
925 1694 953 1736 2.
980 1670 1092 1738 naon.
1121 1670 1152 1735 6.
1185 1672 1235 1735 18.

95 1773 127 1825 et
138 1760 244 1847 panis.
264 1755 356 1823 Ibid.
378 1780 429 1844 ²9·
452 1758 503 1820 28.
695 1763 746 1840 24.
766 1759 999 1833 deEieozar-o,
1014 1761 1073 1845 qui
1088 1756 1239 1824 361152ιί-

141 1848 241 1913 Utere
261 1846 352 1933 quusi
370 1845 469 1909 horno
484 1843 566 1929 frugi
583 1842 650 1919 his,
693 1849 768 1913 nuit
782 1848 825 1912 ab
842 1870 898 1912 esu
912 1849 1069 1913 earnium
1084 1848 1239 1935 porcina-

95 1962 165 2025 quae
177 1936 238 2001 tibi
258 1946 476 2023 apponuntur.
491 1930 648 1998 Itidtr.
693 1958 783 2002 rum,
1227 1951 1229 1954 ·

102 2050 148 2115 ¹9·
176 2030 178 2035 ’
738 2024 879 2113 Contigit
906 2037 1013 2089 autern
1035 2035 1158 2112 septem
1174 2022 1239 2088 sra-

143 2113 215 2179 Noli
249 2110 361 2177 aridus
396 2134 466 2177 esse
498 2111 532 2175 in
564 2108 652 2173 omni
694 2120 833 2178 tresuub
851 2124 1041 2178 commatre
1056 2136 1112 2177 sua
1125 2134 1163 2199 op
1188 2134 1240 2175 re-

101 2200 305 2288 opuiatione‚
330 2212 363 2265 et
378 2222 446 2264 non
463 2211 494 2263 te
509 2196 653 2262 effundas
694 2200 828 2278 homos,
847 2199 997 2289 compelli
1018 2207 1036 2265 b
1054 2224 1130 2287 rege
1144 2134 1240 2264 edere

104 2312 198 2391 super
210 2312 339 2353 omnem
352 2310 471 2353 escam.
493 2286 529 2351 ln
543 2284 653 2351 multis
695 2291 865 2356 contraius
881 2312 993 2354 carnes
1007 2289 1172 2378 porcinas,
1185 2286 1241 2353 ssu-

106 2401 195 2442 ennn
222 2378 301 2442 escis
327 2377 389 2442 erit
408 2376 596 2452 infirmitas,
621 2387 653 2438 et
715 2379 758 2444 ris
784 2393 816 2445 et
846 2380 967 2442 taureis
1000 2379 1168 2443 cruciatos.
1205 2399 1235 2442 2.

103 2465 243 2529 aviditas
269 2488 365 2551 appro
388 2465 533 2554 inquebit
553 2487 653 2551 usque
694 2403 808 2537 55225.
824 2490 855 2552 7.
880 2488 907 2530 1.

101 2554 144 2618 ad
165 2489 423 2630 choleramssui
436 2565 541 2618 autem
555 2552 654 2617 absti-
740 2557 820 2620 Esca
838 2564 947 2618 eutem
964 2553 1033 2640 ejds
1056 2551 1239 2638 (locustis)

102 2667 187 2707 nens
201 2653 271 2714 est,
290 2640 420 2727 adjiciet
433 2641 538 2706 vitum.
560 2639 581 2709 Ι
584 2641 650 2706 bid.
695 2655 765 2708 erat
782 2641 929 2718 locustae,
955 2638 1067 2706 etmel
1085 2637 1237 2705 silvestre.

105 2733 160 2818 57.
175 2731 229 2796 52.
244 2729 299 2794 55.
314 2729 368 2808 54.
696 2731 816 2799 itant.
833 2731 864 2795 5.
879 2733 911 2809 4.
928 2727 960 2792 V
961 2729 1016 2793 ide
1025 2731 1126 2794 ctiam
1143 2751 1169 2793 1.
1190 2730 1239 2792 18.

147 2820 181 2886 Si
196 2819 362 2907 justitiam
379 2818 448 2906 quis
463 2817 584 2906 diligit,
607 2815 656 2881 lu·
739 2817 1181 2884 Salvatornosterductusin
1193 2815 1244 2879 de·

103 2907 306 2994 boreshujus
318 2929 450 2994 magnas
465 2906 586 2971 habent
596 2905 657 2969 vir·
696 2921 838 2981 sertum,
857 2905 905 2969 ιὺι
913 2907 1090 2993 jejunavit
1101 2903 1245 2989 quadra-

104 3009 205 3062 tutes:
222 2996 435 3061 sobrietatem
447 2995 532 3059 eninr
543 3006 657 3082 etpru-
696 2996 793 3084 ginta
808 2994 886 3060 dics.
905 2991 1025 3062 March.
1049 2996 1081 3072 4.
1112 3017 1138 3058 r.
1159 2991 1191 3056 V
1192 2992 1246 3057 ide

108 3085 247 3150 dentiam
270 3085 368 3150 docet
397 3095 429 3146 ot
449 3083 603 3170 justitiam
625 3093 657 3144 ot
697 3084 800 3148 etiam
814 3082 892 3148 Luc.
911 3085 943 3162 4.
961 3105 990 3146 2.
1022 3106 1026 3115 “

111 3173 285 3248 virtutem,
309 3173 428 3260 quibus
453 3171 559 3236 utilius
578 3168 656 3234 nihii
743 3169 1243 3259 Beati,quiesuriuntjustitiam,

110 3260 653 3348 rstinvitnbominibus.Sap.8.7.
698 3261 849 3346 quonium
895 3259 955 3346 ipsi
1001 3255 1239 3322 saturabuntur.

153 3347 658 3422 Sumetibisrumentum‚ethor-
700 3347 820 3414 Maru.
841 3348 871 3411 5.
891 3349 922 3411 6.

115 3435 224 3511 deum,
241 3452 272 3501 et
288 3438 416 3510 sabam,
430 3449 461 3500 et
476 3435 612 3510 iontem,
627 3446 659 3498 et
744 3435 913 3516 Quomodo
946 3432 1074 3496 intravit
1096 3430 1243 3516 (Dauid)

119 3522 253 3598 milium,
266 3538 298 3590 et
311 3525 448 3592 viciam:
464 3537 496 3588 et
508 3525 658 3588 mittesea
701 3524 734 3588 in
745 3540 747 3545 '
760 3523 891 3588 domum
912 3522 988 3594 Dei,
1006 3531 1038 3583 et
1057 3542 1154 3604 panes
1170 3541 1246 3605 pro·

123 3609 154 3671 iu
169 3634 217 3674 ras
235 3637 351 3688 unum,
375 3625 408 3676 et
424 3613 520 3676 socios
536 3611 593 3676 tibi
608 3635 659 3698 pn·
701 3608 1122 3699 positioniscomrdit,.quos
1136 3603 1248 3669 nonli-

123 3719 179 3760 nes
210 3721 338 3765 nurnero
374 3701 520 3774 diorurn,
545 3701 660 3786 quibus
702 3701 795 3764 cebet
819 3700 847 3763 ci
871 3698 1105 3780 edere‚neque
1125 3693 1174 3755 his
1193 3693 1249 3778 qui

122 3783 257 3848 dormies
269 3789 454 3876 superintus
470 3801 560 3852 tuum
575 3812 583 3852 τ
601 3799 661 3851 tre·
702 3811 778 3852 cum
792 3811 831 3851 eo
852 3798 965 3859 erant,
985 3782 1045 3845 nisi
1057 3779 1130 3846 solis
1146 3802 1248 3845 sacer
1286 3829 1292 3839 .

123 3872 227 3936 centis
241 3887 270 3936 ot
290 3878 461 3964 nonaginta
481 3877 593 3940 diebus
610 3898 662 3941 co·
704 3873 952 3940 dotibusilbid.
974 3893 1022 3933 12.
1038 3872 1069 3947 4.
1127 3903 1130 3908 -

117 3959 233 4026 medes
246 3961 339 4040 iliud,
354 3980 417 4032 etc.
430 3963 547 4029 Ezeeit.
560 3967 590 4044 4.
607 3988 637 4050 9.
750 3964 853 4028 Anna
864 3960 970 4026 viduo
987 3981 1051 4022 non
1065 3955 1249 4020 discedebat

165 4047 266 4114 Cibus
282 4065 386 4119 autern
403 4065 497 4126 tuus,
519 4075 581 4139 quo
599 4075 664 4116 ros·
707 4050 745 4116 de
761 4050 900 4139 templo,
918 4045 1046 4132 jejuniis
1063 4044 1250 4108 0505110111
