2884 4725
488 238 700 311 THESAURl
724 236 893 309 Btssttct.
1013 236 1016 241 ’

34 400 41 411 -
126 354 314 425 Fornicatio
352 374 408 435 cor
431 376 467 421 us
507 366 668 437 enervat,
712 350 1028 437 Generatiobonoet
1043 349 1136 429 mala.
1194 348 1256 433 597

214 440 381 510 facultates
440 443 547 509 sumit.
604 444 669 510 585
713 442 865 523 Gentium
873 440 1010 507 vocatio.
1193 439 1257 503 58

173 533 365 603 Occasiones
387 529 471 598 illius
492 532 629 619 vitanda
652 560 669 595 0
714 530 890 611 Gentilium
902 552 1009 597 mores
1019 551 1085 598 non
1097 461 1255 598 imitandi.

175 624 244 691 lion
254 619 357 687 solbm
369 616 508 711 inopere
520 632 671 699 externo,
1194 619 1263 699 400

151 722 154 729 ’
215 710 271 775 sod
288 722 321 775 et
339 710 372 777 in
387 708 504 778 allecto
520 710 674 803 prohibe·
715 706 809 793 Genu
834 730 932 794 omne
954 704 1153 793 llectendum
1177 704 1258 773 Deo.
1368 740 1375 757 ·

215 812 278 864 tur.
610 800 674 867 586
1194 799 1255 876 400

174 887 340 953 Infamiam
358 884 460 954 all'ert.
653 917 666 950 0
716 883 849 955 Gladius
889 908 956 951 non
986 884 1086 969 cuivis
1126 884 1258 978 permit·

128 976 312 1047 Fornicatio
355 974 558 1069 spiritualis,
604 998 675 1067 qum
797 974 923 1041 tendas.

111 1148 116 1159 ³
215 1077 263 1133 est
307 1065 435 1153 haeresis
474 1078 507 1133 01
544 1066 675 1134 idolola·
761 1061 894 1132 Gladius
908 1062 1047 1160 spiritlls.

214 1156 287 1221 trio.
654 1184 667 1216 0
717 1152 825 1219 Gloria
837 1176 928 1219 vana.
1196 1151 1261 1239 400

129 1242 309 1311 Fortitudo.
611 1245 674 1331 587
763 1240 871 1315 Gloria
884 1220 949 1321 bei
965 1242 999 1327 in
1015 1242 1164 1313 omuibus
1179 1263 1264 1331 quae·

173 1332 380 1399 RonaDeum
392 1332 516 1421 quaerit.
612 1332 675 1399 588
807 1329 918 1397 rende.
1198 1330 1265 1416 405

173 1420 316 1488 Effectus
333 1418 428 1487 illius.
484 1437 486 1441 ’
612 1422 676 1509 589
719 1418 830 1487 Gratia
846 1420 879 1485 in
895 1418 1264 1509 800ἰο1001000010.404

172 1507 257 1575 Mala
276 1510 381 1576 Deum
397 1508 539 1576 ollendit.
613 1511 676 1599 590
765 1508 948 1575 Estdonum
957 1508 1054 1598 gratis
1063 1508 1185 1575 datum.
1198 1504 1266 1589 405

130 1598 338 1669 Fraternitas.
656 1627 669 1660 0
766 1598 877 1677 Gratia
905 1596 1018 1667 efficax
1046 1609 1078 1669 et
1105 1597 1269 1667 sufficiens

174 1686 306 1755 Fratres
354 1700 386 1754 et
431 1710 556 1757 sorores
599 1687 677 1755 Jesu
938 1763 940 1770 ¹
1198 1686 1266 1769 406

221 1776 349 1843 Christi.
655 1805 670 1839 0
765 1775 842 1845 Sine
858 1775 959 1865 gratia
976 1774 1036 1842 Dei
1057 1774 1136 1845 nibil
1149 1798 1266 1866 possu-

129 1864 243 1933 Fraus.
612 1866 671 1955 590
808 1888 891 1932 mus.
1153 1870 1157 1879 '

130 1954 255 2026 Fruitio
270 1952 340 2021 Ilei.
531 1972 536 1986 ·
628 1968 669 2018 ’0
763 1958 820 2023 Est
835 1954 958 2022 donum
976 1952 1152 2027 oecultum.
1201 1956 1265 2039 400

130 2044 270 2199 Frucltus
299 2048 404 2137 operis
426 2046 531 2131 bonus
558 2059 591 2113 et
612 2069 677 2112 ma·
766 2044 880 2111 Omnis
900 2046 1001 2137 gratia
1023 2052 1040 2108 b
1064 2044 1134 2128 Deo
1157 2042 1265 2209 11090)ιέ

231 2158 278 2199 us.
326 2186 328 2191 .
657 2162 669 2194 0
761 2176 765 2185 ·

130 2220 392 2305 Fundamentum
406 2219 558 2303 Ecclesiae
572 2220 678 2289 Chris·
765 2220 893 2303 Bonum
913 2231 1074 2313 operatur.
1201 2219 1267 2307 409

213 2322 276 2375 tus.
657 2338 671 2372 0
766 2309 917 2377 Bonitate
936 2318 1156 2388 conservatur,
1246 2334 1260 2368 0

132 2405 135 2412 ’
177 2398 260 2466 8001
276 2397 372 2466 etiam
389 2395 542 2487 Apostoli.
658 2427 671 2460 0
723 2398 840 2466 Gratiae
855 2398 984 2487 agendas
999 2409 1074 2465 ante
1089 2396 1269 2486 01000101-

177 2486 342 2577 Praecipue
353 2484 476 2572 Petrus.
616 2487 678 2578 590
811 2488 901 2553 bum.
1248 2513 1262 2552 0

132 2575 265 2644 Fumus.
638 2604 672 2640 ,0
724 2575 892 2644 Gratitudo
919 2598 995 2666 crgo
1020 2573 1124 2664 Deum
1150 2584 1182 2640 et
1212 2571 1268 2649 ho·

133 2665 271 2738 Furtum
289 2662 500 2756 prohibetur,
528 2676 561 2729 et
583 2665 681 2756 puni·
810 2665 923 2732 mines.
1204 2663 1271 2743 400

219 2767 283 2822 tur.
660 2781 673 2816 0
724 2753 808 2821 Gula
824 2766 857 2820 et
871 2753 1020 2820 ebrietas.
1202 2753 1268 2832 405

178 2842 316 2911 Furtum
327 2839 528 2933 sacrilegum.
618 2841 680 2932 595
770 2840 860 2910 Gulae
880 2841 1012 2917 effectus
1027 2840 1105 2909 varii
1125 2854 1158 2908 et
1178 2839 1265 2908 mali.

135 2931 547 3024 FurcsrerbiDci,quidl
659 2961 673 2995 0
1203 2932 1267 3009 405

390 3109 428 3177 a.
558 3091 560 3096 ’
974 3108 1014 3175 n.

138 3287 286 3355 Gaudere
303 3286 532 3358 honestelicet.
616 3287 681 3376 595
724 3288 900 3357 Hereditas
915 3311 1064 3377 superna.
1203 3285 1267 3360 406

182 3376 395 3446 Gaudendum
426 3400 491 3443 non
519 3391 566 3444 est
592 3399 683 3443 moro
769 3377 943 3462 Hereditas
951 3390 1087 3464 terrena.
1203 3376 1268 3460 400

227 3463 413 3552 Gentilium.
619 3465 683 3554 594
725 3467 874 3540 Haeretici
891 3479 924 3532 et
946 3463 1109 3543 infideles,
1138 3460 1274 3534 suntad

36 3623 40 3630 ,
184 3552 679 3645 Gaudenduminpersecutione.
772 3557 930 3624 'ustorum
944 3555 1178 3647 probationem·
1249 3580 1264 3617 0

620 3645 683 3734 595
770 3582 917 3716 l²uerunt
962 3643 1029 3733 jam
1072 3638 1278 3736 temporibus.

183 3731 345 3798 Gaudium
358 3733 495 3823 spiritus.
620 3732 683 3821 596
816 3729 1053 3825 Apostolorum.

184 3821 344 3888 Gaudium
355 3822 464 3889 salutis
476 3835 612 3892 roternae.
663 3850 676 3881 0
773 3823 894 3890 Nostris
905 3823 1105 3916 temporibus
1115 3820 1183 3887 sore
1195 3841 1273 3908 pree·

141 3905 284 3976 Gemitus
312 3911 381 4000 quis
407 3911 618 4004 probandus,
652 3921 685 3974 et
817 3911 978 3980 dicuntur.
1207 3909 1276 3989 418

229 3999 296 4065 rice
312 4005 412 4067 versb.
621 3999 683 4088 597
773 3999 921 4070 llaerctici
940 3999 1068 4070 vitandi.
