2884 4725
225 296 269 374 uo
473 282 559 351 auc
1035 289 1123 355 auc

227 398 437 471 circumfulsit
450 394 536 470 illos,
549 396 767 463 ettimnernnt
810 421 904 463 sanus
927 399 1022 463 siebat
1039 402 1273 487 Aquinumque
1292 400 1342 463 de

228 495 341 557 timore
364 508 490 573 magno.
528 485 567 547 Et
602 486 681 551 dixit
707 486 769 551 illis
811 486 1359 566 tinebaturinfirmitate.1br'd.bd.

226 575 388 665 Angelus:
408 572 512 641 Nolite
523 573 636 638 timere
657 599 664 638 :
685 576 769 641 Ecce
854 575 962 640 Turba
984 596 1079 661 ergo,
1101 598 1172 661 quas
1194 576 1300 640 stabat
1322 590 1363 640 et

225 668 312 731 anim
351 660 532 749 cvangelito
567 663 655 728 vobis
690 686 769 751 gau·
812 663 974 740 audierat,
1012 662 1138 727 dicebat
1176 665 1362 728 tonitruum

227 755 316 820 dium
328 774 498 839 magnum,
512 750 597 836 quod
610 750 670 815 erit
681 752 769 815 omni
812 776 880 816 csse
892 752 1022 818 lactum.
1034 749 1096 816 Alii
1108 751 1276 817 dicebant:
1293 752 1364 817 An-

227 840 355 932 populo.
371 838 423 904 lt.
445 862 475 903 a.
497 839 769 925 9.10.Etlactum
813 839 902 929 gelus
913 840 942 905 ei
964 839 1089 905 locutus
1104 852 1162 904 est.
1184 839 1276 905 Ibid.
1302 863 1360 907 ιε.

226 942 295 1007 εει,
312 934 348 994 ut
363 927 575 993 discesserunt
593 928 632 991 ab
645 928 690 991 cis
703 926 770 991 An·
815 952 866 1015 ap.

227 1018 289 1107 gali
305 1018 337 1083 in
354 1015 467 1082 caelum
485 1038 494 1078 :
511 1026 652 1102 pastores
664 1014 771 1103 loque·
857 1018 897 1081 Et
913 1015 991 1081 vidit
1007 1016 1086 1080 duos
1101 1014 1240 1103 Angelos
1255 1018 1289 1081 in
1306 1017 1366 1081 al-

228 1110 346 1173 bantur
371 1102 564 1169 adinvicem
585 1127 593 1167 ε
614 1102 771 1169 Transea-
812 1105 862 1169 bis
877 1104 1040 1182 sedentes,
1063 1126 1161 1168 unum
1181 1104 1222 1168 ad
1237 1118 1365 1208 caput,

228 1219 299 1261 mus
320 1197 420 1279 usque
441 1189 624 1268 Bethleem,
647 1205 709 1257 etc.
734 1217 767 1257 a.
813 1192 1364 1280 ctunumadpedes,ubipos1tnm

233 1287 282 1349 15.
304 1281 434 1346 Video.
452 1300 503 1344 ar.
814 1282 917 1348 imrat
932 1303 1049 1369 corpus
1067 1281 1154 1346 Jesu.
1173 1281 1274 1346 toan.
1304 1306 1364 1346 20.

271 1371 352 1437 Dico
378 1368 627 1435 autemvcbis:
658 1366 771 1434 Omnis
819 1392 869 1434 ιε.
966 1413 969 1419 ,

228 1461 423 1550 quicumque
434 1456 597 1522 confessus
609 1458 704 1523 luerit
719 1478 773 1521 me
859 1458 1007 1546 Cbmque
1023 1457 1224 1523 intuerentur
1241 1458 1274 1523 in
1297 1481 1366 1524 cae-

229 1556 337 1617 comm
354 1544 772 1623 bominibus‚ctl⁴'iliusha
814 1546 882 1616 lam
907 1558 1037 1611 euntem
1058 1545 1168 1623 illum,
1189 1566 1267 1611 cccc
1294 1546 1369 1611 diro

229 1639 323 1705 minis
338 1635 544 1703 confitebitur
559 1633 649 1699 illum
662 1640 772 1699 coram
816 1636 873 1701 viri
890 1635 1057 1700 astiterunt
1064 1634 1151 1722 juxta
1161 1632 1230 1699 illos
1243 1635 1275 1699 in
1287 1658 1369 1701 ves-

229 1726 357 1815 Angelis
372 1725 430 1791 Dei
449 1748 458 1788 :
475 1724 529 1811 qui
552 1735 658 1787 antem
674 1744 773 1808 nega·
815 1724 900 1790 tibus
924 1722 1020 1798 albis,
1045 1723 1099 1810 qui
1122 1736 1156 1787 et
1178 1722 1328 1789 dixerunt
1356 1751 1367 1789 :

230 1816 309 1882 sarit
339 1835 392 1878 ma
423 1819 531 1877 aarum
563 1810 771 1885 bominibus,
815 1812 884 1881 Viri
907 1809 1045 1887 Galilaei,
1068 1811 1146 1899 quid
1165 1811 1272 1887 statis,
1294 1826 1364 1879 etc.

230 1901 398 1991 negabitur
421 1906 529 1965 coram
552 1896 680 1985 Angelis
700 1898 769 1963 Dei.
815 1901 930 1966 Actor.
956 1924 982 1965 1.
1007 1922 1056 1965 ιο.

230 1989 321 2057 lata.
343 2008 391 2051 sa.
408 1989 438 2050 8.
860 1986 1000 2077 Angelus
1022 2000 1130 2053 autem
1156 1988 1283 2055 Domini
1305 2014 1371 2079 per

276 2074 437 2143 Gaudium
452 2074 512 2139 erit
524 2096 632 2139 coram
645 2074 773 2163 Angelis
818 2089 946 2143 noctem
962 2076 1108 2164 aperiens
1119 2077 1232 2165 januas
1248 2098 1368 2144 carce-

231 2166 308 2242 Doi,
326 2186 421 2253 super
436 2186 501 2227 uno
516 2176 685 2251 peccatore
704 2186 774 2251 poa·
818 2166 879 2241 ris,
896 2178 928 2230 et
940 2165 1080 2230 educens
1087 2188 1162 2241 eos,
1179 2165 1258 2230 dixit
1268 2167 1364 2242 alte,

177 2247 186 2255 ⁸
231 2254 397 2321 nitentiam
410 2263 532 2341 agente.
547 2252 569 2317 1
571 2251 638 2317 bid.
655 2254 703 2317 15.
721 2274 769 2316 ιο.
818 2266 850 2318 et
866 2266 985 2318 stantes
1002 2251 1168 2340 loquimini
1191 2256 1368 2343 intemplo

275 2342 411 2410 Factum
424 2353 608 2417 astantem,
622 2352 766 2406 utmore·
817 2342 902 2498 plebi
921 2341 1027 2407 omnia
1044 2343 1140 2408 verba
1155 2343 1228 2409 vitae
1246 2342 1361 2433 hujus.

232 2445 322 2500 ratur
344 2432 528 2509 mendicus,
545 2443 578 2495 et
593 2441 775 2520 portaretur
840 2431 907 2497 tiu.
927 2434 957 2496 5.
978 2453 1027 2518 ¹9·

232 2525 271 2590 ab
291 2520 418 2610 Angelis
433 2521 466 2587 in
488 2521 592 2585 sinum
612 2517 771 2585 Abrahae:
863 2522 903 2584 Et
930 2521 1088 2585 intuentes
1118 2543 1192 2585 enm
1221 2545 1364 2597 omnes,

232 2625 376 2676 mortuus
392 2619 561 2674 astantem
575 2619 609 2673 et
626 2606 730 2682 dives,
743 2619 775 2671 et
818 2610 872 2697 qui
893 2609 1048 2688 sedebant
1067 2609 1099 2673 in
1126 2609 1282 2687 concilio,
1312 2613 1366 2675 vi-

233 2697 375 2786 scpultus
398 2709 445 2762 cst
465 2697 497 2762 in
516 2697 651 2764 inlcrno.
680 2693 770 2762 laid.
819 2699 934 2762 derunt
954 2697 1067 2761 faciem
1091 2697 1160 2782 ejus
1175 2748 1184 2774 ,
1198 2709 1365 2786 tamquam
1427 2760 1428 2787 p

238 2787 287 2852 16.
309 2807 361 2850 aa.
819 2787 932 2853 laeiom
952 2783 1074 2872 Angeli.
1088 2785 1178 2851 ltin.
1197 2787 1229 2852 6.
1253 2789 1302 2852 ι5.

279 2873 326 2963 Ap
352 2874 434 2938 aruit
449 2887 556 2939 autem
572 2872 616 2938 illi
635 2873 774 2962 Angelus
863 2877 903 2938 Et
922 2872 1052 2962 expletis
1064 2874 1155 2939 annis
1173 2875 1366 2964 quadragin-
1427 2876 1428 2915 ³

233 2897 775 3029 dacaeloconlortanseum.Etlac·
819 2976 872 3038 ta,
904 2961 1049 3051 apparuit
1090 2961 1134 3027 illi
1172 2963 1203 3028 in
1235 2964 1367 3030 deserto

234 3065 284 3116 tus
296 3051 328 3116 in
341 3051 452 3138 agonia
465 3101 473 3126 ‚
486 3048 637 3138 prolixius
648 3050 771 3136 orabat,
820 3049 937 3115 montis
965 3049 1041 3116 Sina
1070 3049 1208 3139 Angelus
1232 3053 1265 3118 in
1289 3054 1368 3141 igne

232 3139 322 3206 Ibid.
339 3161 390 3203 nn.
409 3139 464 3217 45.
819 3138 955 3204 llammm
968 3138 1050 3202 rubi.
1061 3138 1151 3204 lttct.
1164 3166 1195 3226 7.
1207 3141 1260 3207 50.
1276 3143 1308 3205 V
1309 3143 1369 3208 ide

278 3229 318 3291 Et
333 3227 410 3293 dicit
425 3228 454 3291 ci
469 3250 477 3292 z
497 3225 613 3298 Amen,
623 3245 715 3288 amon
725 3223 775 3288 di·
819 3243 850 3292 at
864 3251 898 3292 a.
918 3228 970 3292 55.
987 3227 1051 3291 58.

233 3339 272 3383 co
283 3316 388 3391 vobis,
405 3313 550 3380 videbitis
562 3311 674 3379 eaelum
688 3335 705 3376 a
728 3335 775 3376 er·
866 3315 928 3395 Qui
935 3315 1102 3404 accepistis
1110 3315 1212 3406 legem
1220 3318 1367 3406 indispo-

233 3418 319 3480 tum,
337 3416 369 3470 ct
381 3401 517 3492 Angelos
529 3403 587 3467 Dei
605 3335 775 3466 ascenden·
815 3404 934 3470 sitione
942 3403 1147 3493 Angelorum.
1158 3408 1180 3472 1
1181 3407 1249 3471 tiu.
1262 3432 1293 3492 7.
1306 3408 1361 3472 55.

234 3507 280 3558 tas
296 3505 328 3558 et
348 3491 576 3558 descendentes
599 3497 691 3578 supra
719 3489 775 3555 Fi·
864 3491 1003 3581 Angelus
1014 3506 1122 3558 autem
1136 3493 1265 3560 Domini
1278 3495 1366 3562 locu-

233 3581 313 3647 lium
328 3580 476 3646 hominis.
492 3581 590 3645 Joan.
616 3602 641 3643 ι.
662 3581 714 3643 51.
821 3594 872 3645 tus
887 3594 935 3646 est
950 3581 991 3646 ad
1007 3579 1210 3670 Philippum,
1226 3583 1363 3649 dicenst

278 3669 416 3736 Anrclus
435 3682 542 3734 autem
558 3667 686 3732 Domini
706 3666 774 3731 des
821 3669 942 3758 Surge,
959 3682 991 3735 et
1002 3669 1082 3735 vade
1098 3679 1209 3736 contra
1218 3673 1366 3738 meridia-

129 3766 132 3775 ‘
232 3759 334 3824 cande
359 3770 391 3823 at
409 3755 585 3823 secundum
603 3767 729 3844 tempus
741 3755 774 3820 in
820 3782 917 3833 num,
935 3758 974 3823 ad
991 3759 1094 3834 viam,
1110 3782 1181 3846 quae
1197 3760 1364 3828 descendit

233 3848 409 3934 piscinam:
428 3858 460 3910 ct
475 3845 662 3911 movebatur
678 3867 769 3933 aqua.
819 3848 860 3912 ab
875 3844 1051 3911 Jerusalem
1069 3847 1101 3911 in
1120 3847 1237 3914 Gazam
1258 3875 1267 3914 ε
1292 3850 1364 3917 haec

235 3935 272 3999 Et
300 3936 354 4022 qui
382 3935 468 4023 prior
495 3933 709 3999 descendisset
741 3932 773 3997 in
819 3948 866 4001 est
882 3935 1016 3999 deserta.
1031 3933 1120 4000 laid.
1142 3940 1172 4000 8.
1194 3939 1245 4001 ab.

233 4025 386 4112 piscinam
399 4023 655 4112 pastinationem
669 4045 771 4107 aqum
863 4023 893 4088 ls
920 4023 997 4088 vidit
1020 4021 1052 4088 in
1079 4023 1146 4090 visu
1174 4027 1364 4104 manifeste,
