2884 4725
308 320 393 389 BEN
875 320 957 385 BEN
1167 324 1208 408 95

127 433 204 499 Oves
222 447 347 501 vestras
363 447 395 499 et
418 445 558 499 armenta
575 456 625 499 as-
711 433 929 500 DeaediaitM
968 456 1016 497 ses
1028 434 1211 498 morituras

88 521 627 612 sumite‚utpatierauis(aitl’barao
669 521 932 587 duodecimtribu
955 520 1208 587 usleree'tdbid.

79 611 183 701 Moysi
195 627 226 677 et
241 613 410 699 Aeson),
429 624 460 676 et
475 611 626 675 abeuntes
670 635 698 675 c.
719 611 770 675 55.

78 698 255 767 benedicite
272 700 367 765 mihi.
377 699 486 765 Emori.
504 720 552 763 aa.
569 699 621 763 ba.
713 700 753 762 Et
767 698 904 786 primism
914 697 1043 785 quidem
1050 698 1211 763 benedixit

119 788 198 868 Quae
205 796 382 877 postquam
392 788 515 877 Moyses
525 810 626 853 cunc·
667 786 786 876 populo
813 784 910 852 lsraiil
928 810 936 851 ε
954 799 1024 874 post
1047 786 1114 852 haec
1130 786 1205 875 legit

73 889 105 939 ta
130 876 208 941 vidit
241 877 435 966 completa,
464 876 627 941 benedixit
668 876 773 941 omnia
804 876 902 940 verba
921 874 1152 940 benedictionis
1178 888 1212 939 et

75 966 128 1029 cis.
148 965 166 1029 l
170 964 238 1030 bid.
254 968 312 1053 59.
334 967 386 1045 45.
668 963 919 1038 maledictionis,
936 976 969 1028 et
984 974 1098 1030 cuncta
1112 1015 1121 1040 ‚
1137 988 1209 1051 quae

115 1055 156 1117 Et
167 1054 351 1121 extendens
369 1055 513 1140 (Aaron
530 1056 542 1141 )
562 1077 627 1119 ma·
669 1054 784 1142 scripta
796 1064 888 1117 erant
900 1052 932 1116 in
946 1052 1021 1141 legis
1036 1051 1209 1118 volumine.

72 1162 148 1205 num
174 1143 217 1207 ad
253 1142 433 1233 populum,
464 1141 627 1208 benedixit
667 1142 775 1206 Josue.
797 1143 826 1206 8.
848 1141 900 1205 55.
1232 1165 1235 1173 ·

70 1230 97 1293 ei
108 1230 241 1320 :sicque
259 1230 429 1319 completis
441 1230 551 1295 hostiis
565 1254 626 1318 pro
713 1228 773 1315 Cui
784 1228 881 1294 Caleb
902 1228 1016 1307 :Quid
1032 1230 1151 1305 habes,
1167 1229 1212 1293 in·

69 1333 204 1471 peccato
227 1332 265 1385 et
283 1320 480 1385 holocaustis
496 1331 528 1383 et
543 1311 627 1406 paci-
668 1317 808 1405 quiti’At
821 1317 873 1384 illa
893 1319 1004 1403 (ttttos
1019 1315 1094 1405 filia
1108 1318 1210 1404 Aea)

92 1408 153 1481 cis,
171 1406 362 1475 descendit.
381 1408 484 1473 levit.
505 1430 536 1493 9.
558 1428 608 1472 aa.
668 1406 903 1494 respondittDa
916 1406 994 1471 mibi
1006 1405 1209 1471 benedictio-

112 1495 267 1561 Locutus
315 1507 402 1561 cest
417 1494 572 1559 Dominus
587 1496 627 1559 ad
669 1506 884 1559 nemtterram
896 1493 1066 1559 australem
1082 1507 1115 1559 et
1126 1517 1214 1559 aren-

71 1580 241 1671 lloysem,
268 1520 379 1649 dibeas
392 1582 555 1669 :Loquere
569 1581 627 1647 Aa·
669 1594 734 1647 tem
747 1582 860 1647 dedisti
869 1582 967 1658 mihi,
984 1583 1082 1671 junge
1098 1584 1208 1647 etirri-

74 1694 129 1735 ron
142 1685 175 1737 et
193 1672 278 1738 liliis
290 1672 360 1759 ejus
378 1695 386 1735 ε
402 1671 445 1735 sic
461 1670 626 1737 benedice·
667 1694 773 1758 guam.
785 1671 874 1736 Ibid.
891 1673 939 1735 15.
959 1674 1007 1735 18.

75 1760 113 1823 tis
131 1759 205 1826 liliis
233 1759 355 1835 lsrael,
381 1770 413 1824 et
428 1758 538 1825 dicetis
556 1760 623 1824 eis:
714 1759 942 1847 benedixitque
969 1760 1015 1823 eis
1038 1757 1152 1834 desua,
1178 1772 1210 1823 et

78 1846 256 1916 Benedicat
276 1849 333 1914 tibi
349 1848 501 1913 Dominus
517 1862 626 1913 etcus-
669 1848 788 1912 dimisit
809 1872 882 1924 eos,
899 1848 1020 1913 scilieet
1034 1847 1215 1913 Rubeoitas

74 1936 175 2002 todiat
208 1951 245 2004 te
269 1936 448 2003 :ostendat
472 1936 626 2001 Dominus
668 1951 698 1999 et
720 1935 876 2010 Gaditas,
894 1952 925 2000 et
947 1936 1127 2000 dimidiam
1151 1939 1214 2000 tri-

77 2024 191 2091 faciem
203 2050 295 2092 suam
304 2026 381 2099 tibi,
400 2020 627 2089 etmiscreatur
671 2024 749 2088 bum
760 2024 1025 2090 Manasselbid.
1042 2047 1093 2089 aa.
1113 2026 1146 2089 6.

80 2113 489 2179 usitcenvertutDcminus
503 2112 625 2178 vultum
713 2112 882 2179 Benedicta
933 2114 1016 2177 inter
1062 2110 1213 2177 mulieres

88 2220 181 2263 suum
193 2202 233 2266 ad
247 2215 298 2278 te,
315 2214 346 2267 et
355 2201 411 2267 det
426 2201 482 2267 tihi
498 2225 621 2289 pacem.
669 2200 762 2266 dahel
774 2201 971 2266 uxorllaber
983 2201 1080 2266 Cinaei
1092 2252 1100 2277 ,
1114 2213 1147 2266 et
1156 2200 1209 2263 be·

91 2283 293 2355 Nummi.
669 2290 834 2356 nedicatur
850 2291 882 2353 in
908 2287 1122 2354 tabernaculo
1140 2312 1207 2353 suo.

138 2373 190 2439 Aa
206 2377 451 2447 benedicendum
469 2380 626 2446 adductus
667 2380 779 2444 dudio.
800 2383 830 2444 5.
850 2383 900 2457 24.

89 2483 186 2538 sum,
201 2463 625 2556 benedictionemprohibere
683 2466 871 2532 Reddattibi
884 2466 1041 2531 Dominus
1072 2489 1213 2554 roopere

82 2551 266 2617 nonvaleo.
286 2553 373 2618 ibid.
387 2557 434 2619 25.
447 2579 495 2623 eo.
668 2568 736 2632 tuo,
752 2569 784 2620 et
796 2556 925 2643 plenam
937 2489 1120 2620 mercedem
1133 2557 1212 2620 reci-

133 2639 200 2720 Qui
215 2641 411 2707 benedixerit
424 2644 497 2722 tibi,
515 2645 577 2710 erit
592 2658 626 2710 et
667 2645 763 2733 piasa
792 2645 931 2710 Domino
950 2644 1020 2708 Deo
1038 2641 1153 2717 lsrael,
1171 2643 1211 2708 ad

83 2728 359 2816 ipsebenedietus.
380 2731 477 2798 Num.
496 2737 546 2812 ad.
563 2757 593 2821 9.
667 2756 762 2819 quem
773 2734 900 2807 venisti,
915 2744 947 2797 et
955 2733 1013 2796 sub
1025 2731 1119 2819 cujus
1128 2754 1211 2796 con·

124 2819 272 2886 Balaam
288 2821 381 2885 tertia)
398 2821 575 2896 benedicit,
596 2837 626 2886 et
667 2820 772 2885 sevisti
787 2823 861 2887 alas.
876 2821 965 2886 llutli
975 2844 1004 2885 a.
1032 2843 1080 2890 ιε.
1094 2821 1213 2885 Nomai

80 2929 234 3062 ppoppegp
251 2909 626 3064 iaticinammlsrla
667 2871 784 3062 chillone
812 2910 1054 3062 Butilltonrzuram
1079 2918 1214 3062 stadamft

86 3017 101 3056 e
234 3013 325 3061 ruta.
363 3013 427 3062 tem
522 3023 625 3064 mae-
698 3020 752 3061 σοι
783 3020 865 3062 ausc
960 3013 1089 3071 ratam,
1129 3013 1210 3062 teet:

87 3084 174 3159 citis,
188 3084 216 3150 C
219 3087 327 3160 imis,
345 3101 376 3149 et
386 3087 553 3152 uenenis.
569 3086 621 3153 lb.
668 3000 859 3150 Benedictus
875 3086 948 3150 sita
963 3087 1211 3172 Domino,quo·

72 3239 75 3250 ,
126 3173 328 3262 Botempore
340 3175 497 3262 separavit
508 3176 625 3240 tribum
667 3176 752 3240 niam
780 3173 926 3239 eamdem
947 3176 1096 3263 gratiam,
1114 3196 1210 3260 quam

89 3256 222 3337 Levi‚ut
238 3275 382 3350 portaret
400 3261 516 3330 Arcam
531 3264 626 3330 loede-
667 3264 846 3352 praebuerat
876 3263 978 3339 vivis,
1010 3261 1145 3328 serravit
1179 3275 1211 3328 et

91 3346 282 3426 risDomiui,
296 3363 328 3416 et
345 3363 441 3416 staret
464 3375 572 3418 curam
587 3377 625 3418 eo
667 3353 813 3418 mortuis.
832 3377 865 3417 c.
884 3374 935 3416 ao.

93 3432 123 3498 in
140 3439 336 3514 ministerio,
365 3462 403 3505 ac
423 3440 626 3508 benediceret
712 3441 902 3516 Benedicta,
927 3440 1049 3527 inquit,
1065 3463 1100 3504 es
1115 3447 1133 3504 b
1148 3441 1212 3504 Do·

92 3520 123 3584 in
143 3527 267 3591 nomine
281 3525 366 3592 illius
381 3535 480 3616 usqne
495 3530 527 3593 in
543 3553 626 3618 prae-
667 3529 775 3603 mino,
798 3527 886 3602 silia3
914 3540 946 3592 et
961 3529 1099 3616 priorem
1114 3529 1212 3593 mise-

90 3621 207 3676 sentem
218 3614 312 3680 diem.
332 3615 428 3682 Deut.
452 3640 501 3682 ιο.
517 3619 547 3684 6.
668 3617 838 3682 ricordiam
846 3619 1021 3705 posteriore
1037 3618 1202 3704 superasti.

135 3697 203 3763 lion
213 3705 413 3810 pernoctabit
426 3706 510 3793 apud
526 3708 627 3796 tepig·
667 3704 758 3770 [tta.
778 3706 808 3769 5.
833 3730 890 3810 ιο..
915 3795 922 3809 Ι
1017 3794 1024 3810 ·

84 3788 625 3961 ῗέἔαὲἶὲῗξζῖ443ῖῖ..ῗέἶῖἓῖ
669 3795 760 3947 ...ii
775 3791 1211 3970 Eftltllllt'i'tttt

83 3977 118 4030 ut
127 3965 289 4032 dormiens
304 3971 335 4034 in
348 3972 538 4036 vestimento
554 3996 625 4050 suo,
669 3972 724 4035 dat
733 3971 791 4036 tibi
800 3967 956 4037 Dominus
973 3993 1081 4035 semen
1093 3970 1210 4034 demu-

82 4053 555 4137 benedicattibi.1b.at.1a.
671 4059 747 4126 licre
777 4060 838 4127 hac
868 4082 927 4146 pro
957 4061 1095 4134 sonmo,
1123 4053 1211 4143 quod
