2884 4725
261 309 318 384 ‚42
510 284 593 359 cua
1063 276 1145 356 cau

252 440 328 483 uem
350 420 549 481 sauctorum,
575 404 605 467 in
629 424 708 490 opus
731 406 793 467 usi·
879 404 1113 471 Tantummodo
1134 405 1291 468 invocetur
1304 424 1351 467 uo

255 502 396 573 nistcrii,
414 500 445 562 in
461 492 702 559 aediticstionom
718 515 792 557 cor-
834 508 1009 559 meatuum
1024 514 1120 580 super
1131 513 1207 566 nos,
1220 492 1351 577 asuerus

253 592 337 679 poris
354 584 481 651 Christi.
500 580 589 645 leid.
610 583 640 658 Δ.
667 604 715 643 ιι.
834 583 997 670 probrium
1020 593 1176 646 nostrum.
1199 579 1308 656 1o.r.4⁸
1329 603 1347 641 ι.

298 678 357 741 Per
389 692 518 735 omnem
553 668 730 733 orationem
760 681 792 733 et
878 670 942 750 Qui
958 683 1069 735 autem
1085 668 1242 756 negaverit
1253 689 1351 731 mero

252 760 503 831 obsecrationem
542 769 668 821 orantes
705 757 791 821 omni
832 782 901 823 ram
918 755 1350 842 hominibus,ncgalructcgo

252 868 314 918 tem
339 872 395 929 cre
416 847 448 911 in
468 845 598 933 spiritu:
620 857 652 909 et
674 845 705 909 iu
724 845 791 948 ipso
832 869 906 911 eum
921 870 1032 912 corum
1049 846 1145 911 Putre
1154 867 1235 910 meo.
1250 843 1347 907 Metti.

252 876 413 1031 vigiiimtes
440 934 472 1011 in
500 934 587 999 omni
619 934 789 1008 instantii,
838 959 885 1000 ιο.
906 936 959 1000 55.

251 1044 283 1093 οι
303 1023 538 1097 obsecratione,
562 1042 621 1108 pro
643 1022 791 1086 omuibus
876 1023 1030 1099 Domine,
1052 1020 1294 1087 nonachorum
1314 1039 1350 1081 se

248 1116 374 1183 sanctis.
394 1109 482 1177 ltin.
502 1111 533 1174 6.
557 1112 605 1174 18.
832 1134 905 1175 men
927 1114 939 1195 (
959 1112 1043 1200 edei)
1064 1109 1226 1175 seminasti
1247 1107 1276 1171 in
1292 1126 1350 1191 egro

295 1199 409 1267 Paulus
435 1210 468 1263 et
493 1198 678 1263 Timotheus
709 1198 789 1264 serui
831 1200 911 1263 tuo?
955 1200 1018 1265 nde
1039 1205 1120 1287 ergo
1139 1197 1235 1261 habet
1255 1193 1349 1258 zizania

250 1292 325 1358 iesu
340 1288 457 1352 Christi
474 1287 643 1362 ,omnibus
656 1287 788 1360 sanctis,
835 1287 1083 1375 (pemsersorum
1135 1282 1352 1349 muroten-

250 1383 281 1445 iu
299 1377 425 1441 Christo
441 1375 542 1450 iesu,
559 1375 612 1462 qui
630 1386 703 1439 sunt
718 1374 790 1439 Phi·
830 1380 946 1464 sum)?
960 1376 1051 1441 ltto.
1079 1310 1134 1439 ui.)
1148 1397 1197 1459 27.

198 1514 199 1525 ι
248 1467 360 1555 lippis,
377 1477 438 1529 etc.
457 1464 602 1552 Ptittpp.
627 1486 654 1528 1.
679 1487 707 1539 1,
875 1464 1127 1529 Confitentur-se
1142 1485 1234 1526 nosse
1247 1458 1350 1527 Deum,

294 1553 436 1620 Salutate
451 1575 579 1617 omnem
595 1553 788 1617 sunctum'in
829 1552 920 1618 sactis
932 1566 1037 1618 autern
1050 1562 1184 1639 negent.
1199 1548 1259 1614 Tit.
1275 1569 1297 1607 ι.
1311 1543 1348 1605 ιῦ.

248 1643 375 1709 Christo
393 1641 480 1706 Jesu.
498 1640 589 1705 ldie.
609 1644 639 1718 4.
662 1663 713 1704 οι.
874 1641 922 1706 Tu
931 1641 1053 1716 credis,
1067 1640 1222 1728 quonium
1233 1641 1350 1699 unusest

292 1727 788 1818 PaulusApostolusJesuChristi
829 1729 933 1794 Deus:
955 1730 1041 1794 Bene
1056 1729 1139 1794 facis
1154 1751 1162 1791 :
1177 1724 1350 1790 sedensue

247 1841 305 1907 per
319 1817 515 1883 voluntatem
531 1815 589 1879 Dei
606 1864 614 1887 ,
631 1826 663 1877 et
678 1815 788 1880 Timu—
829 1815 1288 1893 credunt‚atcontremiscunt.
1301 1805 1350 1890 (1ο

248 1902 544 1976 theussrater,iis,
567 1903 710 1987 quisunt
729 1904 788 1967 Co-
829 1903 1062 1971 trasumenus
1079 1894 1349 1981 eratissimos&
1392 1929 1393 1938 ι

249 1994 337 2060 iussis
353 2043 362 2067 ‚
381 1989 497 2055 sanctis
513 1998 544 2052 et
560 1987 706 2055 fidelihus
722 1991 788 2056 fra·
829 2007 865 2057 tu
875 2017 942 2058 nore
954 1997 1064 2069 times,
1078 2009 1112 2058 ct
1123 1992 1179 2058 itti
1189 1981 1348 2054 contuenti*

247 2084 347 2147 tribus
363 2080 395 2143 in
412 2076 539 2141 Christo
554 2076 640 2141 ‚tesu
664 2078 783 2145 Coloss.
816 2084 923 2168 ταοὶ)
941 2082 1055 2147 lacot.
1077 2105 1108 2147 n.
1134 2104 1184 2167 ¹9·
1316 2156 1322 2169 ι

251 2196 277 2235 ι.
302 2195 328 2234 ι.
871 2169 1046 2234 Ministrute
1058 2172 1092 2235 in
1108 2169 1175 2234 fide
1190 2166 1347 2232 vestitur

291 2256 414 2341 Adjuru
436 2276 492 2319 vos
513 2276 572 2341 per
593 2252 783 2331 Dominum,
827 2268 947 2333 tutem,
963 2258 1129 2323 invirtute
1144 2268 1251 2322 nutem
1264 2247 1347 2317 scieu-

246 2358 281 2411 ut
301 2344 423 2432 legatur
444 2342 575 2431 epistola
594 2342 662 2408 haec
681 2346 786 2411 omni·
827 2345 903 2411 tium
923 2397 932 2423 ,
949 2347 982 2411 in
997 2346 1133 2413 scientii
1150 2356 1254 2410 autem
1268 2331 1347 2402 ὠδύ-

243 2435 305 2499 bus
321 2434 436 2499 sanctis
448 2431 607 2498 iratribus.
629 2455 655 2497 ι.
674 2432 781 2500 Thess.
826 2434 986 2510 nentium,
1005 2436 1038 2500 in
1054 2432 1346 2501 abstinentissimus

245 2525 275 2588 5.
298 2544 349 2608 27.
826 2523 1080 2609 patientium,in
1092 2521 1246 2613 patientis
1260 2524 1344 2579 eutem

291 2610 360 2674 Νοιι
376 2609 461 2673 onim
477 2609 612 2694 injustus
628 2608 732 2683 Deus,
750 2622 784 2673 ut
826 2610 1161 2700 pietatem,inpietate
1170 2617 1346 2675 ausemano

245 2695 450 2760 obliviscatur
479 2697 582 2784 operis
609 2707 725 2771 vestri,
752 2711 784 2762 et
826 2721 894 2763 rem
924 2700 1167 2775 fraternitatis,
1198 2699 1230 2762 in
1258 2705 1345 2756 anwffi

245 2783 446 2858 dilectionis,
477 2806 572 2869 quum
603 2785 783 2850 ostendistis
825 2799 932 2852 autem
954 2790 1165 2854 fraternitatis
1188 2782 1341 2852 caritatem·

246 2876 278 2938 in
305 2871 434 2935 nomine
461 2871 575 2957 ipsius,
607 2874 660 2958 qui
688 2874 783 2938 mini·
827 2897 856 2938 a.
875 2877 964 2940 Petr.
988 2900 1015 2942 ι.
1036 2878 1102 2943 5.6.
1123 2903 1155 2964 7.

243 2959 347 3032 stratis
369 2959 512 3034 sanctis,
536 2972 568 3024 et
584 2960 778 3027 ministratis.
867 2964 907 3026 Et
928 2964 961 3028 in
976 2965 1038 3031 hoc
1059 2967 1199 3040 scimus,
1215 2952 1343 3048 quoniam

243 3046 345 3115 Hebe.
364 3046 395 3109 6.
421 3067 468 3110 ιο.
552 3055 555 3060 “
823 3053 1113 3137 cognorimuseum
1129 3039 1344 3143 (perfidemiv

260 3159 265 3171 ·
289 3133 431 3200 Salutate
461 3153 571 3197 omnes
597 3136 780 3220 praepositos
822 3137 848 3200 si
870 3139 1020 3205 mandute
1047 3142 1116 3229 ejus
1145 3135 1339 3209 observemus·

241 3235 361 3288 vestros
373 3231 405 3284 et
416 3241 526 3284 omnes
538 3233 673 3285 sanctos.
688 3221 776 3288 leto.
823 3225 886 3304 Qui
895 3225 974 3292 dicit
981 3253 1015 3293 se
1022 3252 1113 3295 nosse
1120 3253 1197 3297 eum
1206 3214 1341 3313 (Deum),

246 3311 294 3374 ιδ.
316 3311 368 3387 24.
821 3325 854 3377 et
869 3314 1018 3382 mandatu
1034 3319 1104 3404 ejus
1120 3343 1186 3385 nun
1203 3301 1339 3381 custodiis

364 3440 551 3506 Christiani
565 3440 653 3527 [uisi.
820 3401 955 3468 ¹¹¹⁰¹¹d¹¹¹
970 3417 1028 3471 est.
1053 3429 1079 3471 ¹·
1094 3408 1197 3474 loun.
1218 3427 1246 3468 ιι.
1265 3397 1291 3460 5·
1302 3392 1327 3467 i·

843 3533 1043 3600 Christianis
1068 3534 1249 3602 vivendum
1269 3537 1323 3594 eti,

285 3576 356 3641 Non
369 3593 507 3636 assumes
522 3593 638 3635 nomen
650 3570 777 3640 Domini
1007 3625 1014 3640 .
1046 3625 1053 3641 .
1167 3627 1174 3642 .

918 3637 954 3686 ut
976 3639 1067 3688 otest
1089 3624 1248 3690 Christus.

239 3663 297 3729 Dei
309 3661 356 3724 tui
368 3660 535 3722 iuvenum.
551 3658 659 3724 Emori.
676 3683 726 3727 ao.
744 3689 773 3748 7.

285 3749 351 3816 Νοο
370 3744 493 3834 pollues
510 3768 627 3810 nomen
643 3747 700 3813 Dei
717 3753 773 3816 tui.
863 3755 930 3843 Ego
952 3758 1037 3822 euim
1064 3782 1122 3847 per
1148 3759 1265 3847 legem,
1290 3739 1340 3827 legi

240 3839 315 3904 hv·
339 3857 387 3922 ¹9·
411 3857 460 3896 ¹⁹·
818 3855 962 3908 mortuus
981 3867 1071 3921 sum,
1094 3859 1130 3912 ut
1148 3849 1216 3912 Deo
1231 3841 1340 3907 vivom:

285 3925 349 3990 Nec
370 3920 518 4010 polluatis
533 3943 649 3987 nomen
668 3946 774 3992 meum
819 3928 945 3996 Christo
978 3935 1124 4001 confisus
1153 3957 1222 4001 sum
1250 3916 1337 3992 cruci·

240 4025 394 4080 sanctum.
415 4009 503 4075 lttd.
525 4030 576 4072 as.
596 4009 647 4074 ὅς.
818 4017 890 4082 Gar.
904 4041 934 4086 a.
957 4042 1005 4104 ις).
