2884 4725
253 311 316 386 850
452 281 454 288 ¹
519 311 605 384 ΒΑΜ
863 383 873 390 ,
1070 301 1158 380 aaa

253 432 339 498 enim
351 426 575 496 misericordie
591 427 660 514 ejus
676 430 768 515 aunt)
787 476 796 502 ‚
838 429 926 496 tibus
939 442 1121 517 recuperat.
1140 422 1263 493 Eiiaeua
1276 437 1378 494 auum

254 527 349 611 quam
362 519 394 583 in
410 539 523 584 manua
539 517 715 582 hominum.
733 516 799 582 lm·
838 518 963 584 locutus
978 516 1076 581 estad
1086 516 1276 594 mulierem,
1292 520 1380 606 cujus

254 608 403 694 misitque
415 605 569 672 Dominus
586 603 798 694 pestilentiam
838 608 945 673 vivere
961 606 1081 671 iecerat
1100 605 1224 682 filium,
1242 607 1351 673 dicens
1368 627 1377 670 t

254 699 288 764 in
313 693 428 773 lsrael,
456 693 496 759 de
513 699 608 759 munt
638 699 738 782 unqua
757 694 799 760 ad
839 697 942 783 Surge
952 745 962 770 ‚
974 694 1118 772 rodata,
1131 707 1164 759 et
1180 695 1297 760 domus
1310 709 1381 769 tua.

251 796 382 875 ‘tempus
393 783 601 850 constitutum
614 825 622 858 ‚
636 795 668 848 ct
679 782 798 848 mortui
838 797 871 850 et
894 784 1098 873 peregrinare
1118 783 1318 872 ubicumque
1338 810 1383 849 re-

254 885 330 941 eu‘nt
350 897 389 938 ex
405 870 547 962 populo,
570 879 588 936 a
608 871 678 938 Dan
699 895 720 936 u
758 876 799 936 ue
838 873 958 1028 pererio
976 895 984 936 ε
1002 872 1225 938 vocaritenim
1233 874 1384 938 Dominus

256 961 473 1036 nuncnune,
487 961 686 1050 septuaginta
698 960 743 1026 mi
756 959 797 1025 lia
870 983 975 1036 mem,
991 971 1025 1025 et
1040 962 1146 1026 veniet
1160 986 1198 1027 su
1239 1011 1243 1016 -
1272 975 1382 1028 terram

255 1054 406 1120 virorum.
421 1049 511 1117 ltin.
529 1052 579 1129 aa.
601 1051 650 1114 15.
675 1052 724 1128 14.
747 1050 794 1114 15.
839 1062 962 1140 neptem
976 1049 1078 1115 anuis.
1096 1049 1188 1116 ltin
1228 1075 1286 1118 .1.
1308 1053 1384 1116 Vita

300 1140 433 1214 Fames,
460 1139 486 1203 ei
512 1137 624 1203 oborta
648 1138 799 1204 fueritin
840 1164 868 1205 a.
882 1142 916 1218 4.
933 1139 985 1204 58.
1000 1163 1029 1204 c.
1049 1139 1079 1203 6.
1101 1139 1152 1203 25.
1173 1164 1201 1204 c.
1225 1142 1279 1206 25.
1296 1142 1326 1204 5.

256 1234 360 1303 terra,
379 1225 620 1315 autpertiientia
632 1271 641 1303 ‚
655 1238 711 1292 aut
725 1249 797 1292 cor·
886 1228 921 1296 Si
936 1227 1088 1292 irruerint
1099 1251 1197 1316 super
1207 1251 1272 1294 noa
1286 1229 1381 1298 mala.

257 1330 368 1406 ruptus
380 1322 454 1392 a'e'r,
472 1326 527 1380 aut
538 1337 664 1404 aerugo,
686 1327 741 1380 aut
756 1312 800 1378 lo-
841 1315 964 1404 gladius
978 1316 1109 1406 judicii,
1125 1315 1332 1405 pestilentia,
1355 1333 1383 1382 et

256 1418 365 1481 ousta,
382 1403 432 1470 vei
453 1405 587 1492 rubigo,
605 1416 637 1469 et
655 1403 801 1469 afflixerit
841 1405 962 1481 sames,
984 1405 1138 1470 stabimus
1159 1413 1277 1472 coram
1296 1407 1382 1471 domo

231 1571 235 1576 Ι
257 1519 332 1560 eum
343 1494 490 1560 iuimicus
503 1495 589 1581 ejus,
601 1503 707 1581 portas
720 1492 803 1558 obsi·
842 1494 903 1560 hac
915 1493 947 1559 in
959 1506 1131 1582 conspectu
1142 1507 1220 1572 tuo,
1230 1496 1266 1560 in
1277 1497 1383 1584 quiin

256 1583 355 1658 dena,
384 1583 486 1647 omnis
514 1581 626 1670 plaga,
656 1582 801 1647 universa
842 1594 989 1649 vocatum
1012 1594 1062 1647 est
1082 1605 1200 1649 nomen
1216 1597 1314 1649 tunm
1331 1609 1340 1648 :
1358 1599 1382 1648 et

257 1672 440 1747 infirmitas,
453 1683 569 1737 cuncta
579 1670 757 1746 devoratio,
770 1682 803 1735 et
843 1670 1052 1739 clamabimus
1068 1671 1107 1735 ad
1124 1684 1156 1736 te
1168 1674 1202 1738 in
1214 1672 1380 1739 tribulatio

234 1831 238 1844 ,
258 1763 302 1828 im
326 1760 466 1836 reontio,
484 1758 802 1846 quaeaccideratom·
844 1760 939 1826 nibus
953 1760 1090 1835 nostris,
1106 1760 1379 1839 etaxaudtemt

201 1911 204 1918 .
258 1785 471 1916 utiaminide
482 1846 602 1936 populo
614 1859 669 1911 tuo
683 1846 799 1912 Israel:
845 1873 884 1914 vo
923 1872 963 1914 ue
978 1849 1084 1914 iacies.
1105 1873 1135 1914 a.
1150 1851 1272 1918 Parat
1292 1873 1376 1936 aec

258 1939 286 2004 ai
302 1939 371 2026 quis
391 1937 574 2026 cognoverit
612 1933 715 2023 lugam
735 1956 804 2000 cor·
847 1939 878 2001 V
879 1871 934 2001 tiit
944 1961 971 2002 c.
991 1939 1022 2001 6.
1043 1940 1094 2003 28.

260 2027 398 2101 dissui,
425 2036 457 2090 ct
478 1959 665 2112 expanicrit
690 2045 803 2088 manus
888 2025 935 2091 In
955 2034 1081 2117 magna
1102 2029 1195 2115 fame
1218 2028 1381 2095 Nunnio

257 2137 332 2182 auus
343 2116 376 2179 in
393 2114 488 2178 domo
504 2114 583 2190 hae,
606 2125 641 2177 tu
656 2111 804 2178 exaudies
844 2114 965 2179 diuites
983 2135 1103 2182 arraret
1124 2117 1296 2205 increpat,
1321 2137 1380 2180 aaa·

259 2207 293 2272 iu
324 2201 405 2269 coelo
435 2201 467 2265 in
498 2199 569 2267 loco
600 2200 804 2267 habitationis
845 2225 963 2289 reaque
970 2202 1139 2291 prohibet,
1155 2227 1219 2269 aua
1244 2206 1377 2294 indigae·

259 2301 340 2369 tuae,
357 2303 389 2356 et
404 2313 439 2355 re
453 2287 663 2379 ¹copitiaberia
673 2337 682 2367 ,
699 2301 733 2354 et
756 2289 806 2356 fa·
846 2291 1237 2385 tibuarpome'etargiem.
1255 2292 1373 2360 atto.

261 2382 406 2459 cias‚.ut
429 2313 484 2445 «iias
501 2380 672 2468 unicuique
694 2400 805 2445 secun·
846 2405 874 2445 c.
895 2384 926 2446 5.

261 2472 338 2536 dum
354 2492 464 2535 omnes
480 2470 646 2544 nicaenas,
664 2468 747 2533 sicut
761 2468 805 2533 vi·
892 2468 1376 2560 Nonconi'undenturintempott

261 2560 346 2625 deris
369 2582 425 2625 cor
448 2558 517 2646 ejus
549 2558 639 2647 (quia
665 2569 701 2621 tu
721 2556 805 2621 nosti
846 2558 951 2635 maio,
967 2570 1001 2622 et
1017 2560 1049 2623 in
1066 2559 1181 2624 diebus
1198 2560 1292 2627 famia
1306 2572 1375 2625 satu-

260 2648 345 2715 aolus
363 2669 419 2714 cor
434 2647 578 2711 omnium
595 2645 735 2711 filiorum
750 2644 807 2710 ho-
847 2648 1013 2713 rabuntur.
1035 2647 1124 2713 Paul.
1142 2650 1197 2713 56.
1222 2674 1271 2737 ¹9·

261 2738 401 2824 minum)
414 2785 423 2813 ,
436 2748 471 2801 ut
488 2736 620 2800 timeant
635 2733 806 2815 tecunctis
892 2736 1061 2823 Propterea
1071 2738 1379 2824 capti'vusdattusest

261 2826 400 2901 diebus,
430 2824 545 2913 quibus
572 2824 682 2889 vivunt
713 2846 807 2911 super
847 2823 1104 2913 populusmcus,
1120 2824 1380 2914 quianonitabuit

260 2915 374 2983 faciem
387 2926 498 2990 terrm,
515 2936 611 3001 quarn
624 2911 737 2978 dedisti
753 2935 806 3001 pa·
847 2914 1014 2979 scientiam
1035 2937 1044 2977 ε
1062 2924 1094 2978 ct
1109 2914 1232 2982 nobiles
1251 2915 1316 2978 e'us
1337 2911 1380 2975 in-

261 3004 364 3069 tribus
383 3004 508 3069 nostris.
533 3002 563 3067 5.
583 3003 660 3092 neg.
690 3004 721 3067 8.
749 3002 802 3088 57.
848 3002 1004 3067 teriarunt
1033 3003 1135 3080 fame,
1164 3016 1199 3071 et
1223 2936 1379 3069 muititudo

262 3096 315 3160 58.
335 3095 387 3181 59.
407 3095 459 3172 4ο.
475 3092 507 3156 V
508 3090 562 3157 ide
579 3115 606 3155 c.
629 3093 678 3156 18.
699 3112 730 3155 e.
848 3090 918 3179 ejus
930 3092 981 3155 siti
998 3092 1130 3157 exaruit.
1147 3092 1217 3159 Iac.
1234 3096 1265 3159 5.
1285 3092 1329 3157 ι5.

305 3181 466 3269 Factaque
492 3191 540 3244 est
566 3178 665 3244 sames
691 3183 812 3269 magua'
893 3178 1376 3268 Girmjajuuaveriutmonenut

261 3272 294 3337 in
314 3269 455 3335 Samaria
475 3292 483 3332 ε
500 3280 533 3332 et
548 3267 659 3331 tandiu
679 3268 806 3333 obsessa
848 3267 933 3334 diam
957 3292 1069 3357 preces·
1082 3292 1222 3355 eorum}
1244 3285 1280 3336 et
1295 3271 1321 3336 ai
1335 3266 1379 3332 olt-

261 3370 321 3433 est,
335 3355 808 3445 donacvenundaretur‚caput
847 3353 982 3423 tulerint
1003 3356 1267 3425 holocautomata
1287 3371 1319 3424 et
1332 3357 1379 3421 rie

261 3446 339 3510 aaini
369 3445 529 3533 octoginta
561 3444 744 3532 argenteis,
774 3455 807 3509 et
848 3447 1038 3549 timps‚n'on
1050 3448 1224 3536 suscipiam
1243 3472 1281 3515 ea
1295 3472 1303 3513 ε
1319 3467 1379 3533 quo

259 3544 371 3621 quartu
391 3554 464 3621 pura
482 3532 555 3598 cabi
580 3533 730 3598 stercoris
749 3556 807 3598 co·
849 3535 933 3599 niam
950 3534 1077 3625 giadio,·
1093 3548 1126 3601 et
1141 3538 1245 3613 fame·
1263 3550 1296 3601 et
1310 3544 1379 3623 peste

260 3622 442 3690 lumborum
466 3621 607 3709 quinque
634 3622 802 3711 argenteis.
848 3646 1036 3689 consumam
1049 3624 1255 3691 cocleam.
1277 3629 1322 3704 ¹4
1339 3641 1375 3686 η.

260 3716 291 3793 4.
312 3712 387 3803 Reg.
407 3711 438 3776 6.
461 3712 511 3775 25.
849 3712 974 3778 idcirco
993 3713 1062 3779 haec
1082 3714 1161 3780 dicit
1178 3714 1334 3779 Dominus
1348 3708 1377 3771 de

307 3804 381 3866 Post
400 3800 524 3886 samem
539 3797 581 3863 ab
596 3798 708 3864 Etiaeo
717 3822 806 3888 prae-
848 3801 1034 3890 Prophetis,
1060 3803 1114 3891 qui
1135 3802 1327 3891 prophetant
1353 3798 1378 3861 iu

260 3892 405 3964 dictum,
431 3888 638 3961 Sunamitie,
662 3910 735 3973 qum
760 3890 808 3978 tp
848 3891 978 3956 nomine
993 3914 1083 3968 meo,
1123 3884 1378 3980 uosegononmi

258 3984 326 4046 stus
344 3978 479 4045 emite
492 3976 703 4068 peregrinata
713 3992 804 4051 erat,
848 3979 895 4055 ai,
912 3979 1054 4046 dicentes
1074 4004 1083 4046 ε
1100 3915 1234 4046 6136615
1250 3978 1380 4044 attane

232 4090 407 4147 macena,
422 4090 497 4136 tuoe
509 4088 608 4160 agree
622 4088 697 4133 oum
714 4066 806 4153 Μο-
848 4070 991 4137 nouerit
1013 4070 1050 4139 iu
1070 4072 1154 4139 terrt
1175 4069 1235 4140 tac
1252 4090 1262 4133 ε
1280 4059 1378 4151 torte
