2884 4725
206 308 246 371 sti
446 304 546 370 AEGY
1009 306 1109 373 AEGY

203 414 747 504 tempuspromissionis,quamcon-
789 419 897 484 darem
914 417 1075 485 Abraham
1088 470 1096 495 ,
1110 418 1233 493 Isaac,
1254 431 1292 482 et
1309 417 1370 485 Ja-

204 507 303 570 l'essus
315 516 382 569 erat
391 503 475 567 Deus
486 502 633 579 Abrahae,
647 507 747 571 crevit
789 507 860 574 eob.
878 507 967 572 Ibid.
989 509 1020 572 6.
1040 510 1072 574 6,-

190 591 359 681 'populus,
373 604 405 656 et
417 590 643 680 multiplicatus
655 608 702 659 est
714 596 746 659 in
835 596 1073 685 (Adimplstur
1087 644 1099 669 ,
1124 610 1155 660 st
1187 597 1370 660 exierunt

206 681 364 768 AEgypto,
389 680 595 769 quoadusque
611 684 747 747 surrexit
787 686 859 751 viri
871 686 1012 750 booooo.
1024 690 1034 770 )
1047 684 1269 772 profectique
1283 698 1367 748 sunt

205 768 285 833 alius
306 792 363 832 rex
381 769 412 832 in
430 768 590 857 AEgypto,
611 772 665 857 qui
681 795 746 837 non
788 772 845 839 filii
856 770 1159 839 IsraeldeRamesse
1170 774 1210 837 in
1220 773 1361 839 Socoth

204 857 324 923 sciebat
339 856 468 944 loseph.
484 858 599 923 Actor.
617 885 646 946 7.
672 882 719 946 ¹7·
788 874 935 929 sexcenta
947 862 1013 926 lere
1023 860 1120 927 millia
1129 862 1360 949 peditumvi-

788 974 897 1015 rorum
907 1002 915 1026 ,
926 951 1045 1039 absque
1056 948 1223 1039 parvulis,
1236 963 1275 1015 et
1282 972 1362 1015 mu-

789 1039 933 1105 lieribus.
951 1039 1060 1105 Exod.
1081 1062 1130 1103 ιι.
1150 1040 1213 1125 57.
1234 1041 1283 1109 Et
1300 1063 1360 1103 eo-

789 1127 862 1193 dem
878 1128 930 1193 die
948 1128 1057 1192 eduxit
1078 1127 1250 1193 Dominus
1269 1128 1360 1193 filios

789 1216 886 1281 lsrael
902 1215 942 1281 do
952 1221 1038 1282 terrei
1054 1215 1186 1304 AEgypti
1203 1240 1276 1305 per
1288 1228 1357 1280 tur-

247 1304 476 1371 Verirmtamen
509 1318 636 1395 gentem
657 1357 666 1385 ,
694 1309 746 1375 cui
788 1328 1005 1381 massuas,o.
1023 1306 1074 1370 51.

204 1394 350 1460 servituri
373 1408 465 1472 sunt,
488 1419 547 1483 ego
569 1397 743 1484 judicabo:
833 1393 977 1482 Cirmque
993 1394 1248 1482 interrogaverit
1264 1406 1302 1458 te
1314 1392 1356 1456 fi-

203 1495 236 1548 et
260 1495 332 1571 post
354 1482 422 1549 hare
445 1484 647 1571 egredientur
671 1508 746 1551 cum
788 1481 848 1547 lius
861 1494 933 1547 tuus
946 1505 1032 1558 cras,
1045 1483 1175 1547 dicens:
1194 1482 1296 1562 Quid
1305 1492 1355 1545 est

203 1572 562 1659 magndsubstantid.'l’u
572 1587 678 1639 autem
686 1576 746 1639 ibis
788 1571 874 1636 boc?
889 1571 1094 1659 respondebis
1109 1571 1161 1634 ei:
1183 1570 1226 1635 ln
1245 1592 1353 1635 manu

204 1660 588 1751 adpatrestuosinpace‚
603 1662 746 1751 sepultus
788 1660 862 1724 sorti
889 1659 997 1724 eduxit
1022 1681 1081 1724 nos
1107 1659 1279 1724 Dominus
1310 1658 1352 1721 de

203 1749 236 1813 in
249 1750 514 1816 sen'eetutebond.
533 1750 746 1815 Generatione
789 1752 872 1811 terra
897 1747 1043 1835 AEgypti,
1065 1746 1224 1812 dedomo
1243 1748 1352 1813 servi-

203 1850 311 1901 entem
324 1843 435 1925 quarta
448 1849 647 1903 revertentur
655 1837 719 1903 hirc
735 1861 742 1901 :
788 1835 875 1899 tutis.
890 1834 980 1900 Ibid.
1006 1836 1054 1899 15.
1080 1838 1127 1914 ι4.

202 1925 341 1990 necdiun
369 1926 454 1989 enim
477 1923 642 2012 completae
672 1937 747 1989 sunt
832 1922 888 1987 Ha·
911 1934 984 1988 sunt
999 1922 1178 1986 mansiones
1195 1922 1351 1989 liliorum

204 2012 384 2100 iniquitates
413 2012 671 2078 Amorrhaeorum
692 2036 746 2078 us·
789 2011 918 2087 lsrael,
950 2011 1003 2097 qui
1035 2011 1151 2097 egressi
1189 2024 1275 2075 sunt
1309 2012 1349 2075 de

202 2108 265 2189 que
285 2100 325 2165 ad
347 2122 483 2189 praesens
507 2113 641 2192 tempus.
662 2102 742 2167 Gen.
788 2101 929 2188 AEgypto'
955 2123 1013 2188 per
1046 2112 1167 2162 turmas
1204 2122 1287 2166 suas
1316 2102 1348 2165 in

208 2192 256 2255 15.
281 2192 328 2269 ι4.
355 2188 474 2254 15.10.
788 2213 884 2254 manu
916 2188 1017 2276 bloysi
1046 2199 1079 2252 et
1108 2185 1238 2264 Aaron,
1276 2203 1340 2254 ete.

246 2276 366 2389 loseph
380 2278 519 2366 subjecit
534 2300 665 2344 ornnsm
681 2294 747 2344 ter·
788 2279 889 2346 Num.
912 2277 965 2341 55.
994 2300 1020 2341 1.

203 2369 322 2435 rainAt
366 2368 748 2458 ptinoraoni‚etounc-
835 2368 977 2433 Observa
1006 2387 1148 2431 mensem
1176 2388 1339 2431 novarum

203 2469 252 2520 tos
260 2480 344 2545 popu
360 2458 677 2546 osejusbnovissimis
686 2471 747 2522 ter·
788 2457 934 2544 lengum,
951 2467 983 2521 et
994 2456 1083 2520 verni
1120 2454 1240 2519 rimam
1255 2468 1339 2520 tem·

203 2546 299 2610 minis
317 2545 464 2634 AEgypti,
478 2553 578 2636 usque
589 2547 629 2614 ad
641 2559 747 2612 extre·
810 2546 873 2611 oris
888 2596 897 2622 ,
914 2558 950 2609 ut
967 2546 1064 2610 facias
1075 2477 1177 2610 anse
1192 2543 1339 2608 Domino

204 2655 273 2698 mos
289 2633 367 2697 sines
380 2635 458 2722 ejus.
477 2635 567 2702 Ibid.
587 2639 640 2722 47.
662 2659 713 2700 21.
787 2571 855 2699 lieo
867 2646 941 2699 tuo:
952 2633 1212 2720 quoniaministo
1224 2653 1338 2697 mense

249 2720 467 2809 Reversusque
493 2736 540 2788 est
568 2724 686 2813 Josepb
714 2725 747 2788 in
788 2723 897 2788 eduxit
911 2736 943 2787 te
960 2721 1115 2787 Dominus
1131 2720 1171 2785 de
1192 2720 1336 2810 AEgypto

206 2809 379 2898 AEgyptum
402 2833 475 2875 cum
498 2813 746 2888 fratribussuis,
788 2823 893 2876 noete.
912 2811 1008 2876 Drut.
1033 2812 1081 2875 ιθ.
1105 2833 1132 2874 ι.

206 2911 238 2962 rt
260 2897 345 2962 omni
363 2898 535 2976 comitatu,
557 2901 747 2991 sepultopa·
833 2901 899 2986 Ego
930 2908 1037 2962 autem
1060 2897 1216 2964 Dominus
1248 2896 1335 2962 Deus

206 2983 365 3060 teodhid.
383 2985 434 3049 50.
455 2989 503 3063 ι4.
789 3001 862 3052 tuus
877 2989 1011 3049 exterra
1024 2985 1217 3074 AEgypti:et
1229 2984 1333 3051 Deum

251 3073 387 3139 l'isitans
402 3073 617 3149 visitavivos,
636 3088 667 3138 et
682 3075 746 3139 vidi
789 3075 908 3160 absque
920 3095 971 3137 me
987 3075 1126 3151 nescies,
1143 3087 1176 3138 et
1187 3073 1334 3139 Salvator

207 3162 332 3236 omnia,
357 3184 426 3247 quae
449 3161 634 3226 acciderunt
658 3162 747 3225 vobis
789 3186 853 3226 non
868 3172 916 3226 est
926 3175 1040 3248 praeter
1056 3187 1118 3228 me.
1131 3165 1222 3228 Ossa
1238 3164 1286 3227 ιό.
1296 3163 1327 3238 4.

209 3255 242 3317 in
255 3250 391 3337 AEgsstlo
405 3271 413 3312 :
428 3260 460 3312 et
472 3248 551 3321 dixi,
567 3260 601 3311 ut
613 3247 747 3313 educam
790 3251 821 3314 V
822 3248 983 3314 idolsoiae
994 3252 1047 3315 65.
1072 3275 1121 3316 ιι.

207 3364 262 3406 vos
275 3339 314 3402 de
326 3335 497 3402 afflictione
509 3335 637 3423 AEgypti
647 3337 677 3400 in
686 3348 749 3400 ter
828 3337 1327 3427 QuiaeduxitedeterraAEgypti,

209 3451 277 3494 ram
291 3425 459 3490 Chanansei
471 3475 480 3500 ,
494 3436 525 3487 et
538 3423 659 3488 llethaei
669 3437 748 3488 ——et
788 3437 820 3490 et
831 3425 975 3491 dedomo
987 3428 1190 3492 servientium
1200 3425 1328 3492 liberavi

210 3514 375 3588 lebusoei,
399 3513 438 3577 ad
461 3525 578 3577 terram
595 3511 747 3576 {luentem
788 3526 821 3578 te
842 3537 850 3576 ε
870 3526 903 3577 et
923 3516 993 3580 misi
1014 3521 1088 3580 autb
1108 3516 1222 3582 faeiem
1244 3528 1327 3579 tuam

210 3605 292 3672 lacte
306 3613 339 3666 et
353 3601 457 3667 melle.
476 3598 585 3665 Exod.
605 3599 634 3664 ὅ.
659 3601 706 3666 ι6.
789 3601 946 3688 bloysen,
974 3604 1103 3678 Aaron,
1130 3615 1162 3667 et
1185 3603 1324 3669 Mariam.

255 3691 330 3757 ldeb
353 3689 405 3755 dio
427 3689 500 3753 filiis
526 3685 622 3751 lsrael
647 3711 655 3751 :
681 3689 748 3774 Ego
788 3687 890 3756 mot.
910 3691 941 3755 6.
960 3695 992 3769 4.

202 990 253 1057 Do
269 990 409 1081 AEgypto
422 992 530 1056 emitas
545 1006 575 1057 st
596 992 747 1059 liberatio

244 1081 365 1168 popello
378 1078 564 1145 Israelitioo
575 1083 746 1169 promitti-

237 1183 321 1241 tur,
344 1182 374 1231 st
393 1166 603 1255 adimpletur.

212 3775 749 3864 Dominus,quieducamvosdeer·
787 3817 834 3882 In
854 3819 1034 3909 AEgypmm
1045 3818 1154 3883 mg„
1170 3820 1327 3886 daim,

212 3867 333 4022 {astuto
346 3866 640 3970 AEsvvtivuffl’-
654 3874 686 3926 0²
703 3863 748 3926 ³¹¹·
876 3908 1014 3995 popio,
1028 3907 1241 3973 reaccensa.

235 3979 325 4024 uram
353 3979 408 4020 vos
432 3965 627 4024 interram,
656 3973 749 4036 super

211 4070 307 4148 quam
322 4042 421 4114 levavi
436 4063 565 4125 manum
578 4060 701 4116 meam,
715 4033 750 4104 ut
837 4037 876 4104 Et
884 4037 1030 4107 dixerunt
1042 4039 1083 4106 ad
1095 4040 1226 4128 Moysen
1237 4064 1245 4106 ι
1255 4039 1327 4113 For·
